day;timestamp;product;bid_price_1;bid_volume_1;bid_price_2;bid_volume_2;bid_price_3;bid_volume_3;ask_price_1;ask_volume_1;ask_price_2;ask_volume_2;ask_price_3;ask_volume_3;mid_price;profit_and_loss
0;0;AMETHYSTS;9998;9;9995;23;;;10005;23;;;;;10001.5;0.0
0;0;STARFRUIT;5036;23;;;;;5043;23;;;;;5039.5;0.0
0;100;AMETHYSTS;10002;1;10000;2;9998;4;10004;1;10005;21;;;10003.0;0.0
0;100;STARFRUIT;5042;1;5039;2;5037;1;5043;22;;;;;5042.5;0.0
0;200;AMETHYSTS;9996;1;9995;21;;;10004;1;10005;21;;;10000.0;2.0
0;200;STARFRUIT;5037;1;5036;21;;;5043;1;5044;21;;;5040.0;0.0
0;300;STARFRUIT;5042;1;5037;26;;;5044;26;;;;;5043.0;-2.52978515625
0;300;AMETHYSTS;9995;26;;;;;10005;26;;;;;10000.0;2.0
0;400;AMETHYSTS;9998;8;9996;2;9995;26;10004;2;10005;26;;;10001.0;2.0
0;400;STARFRUIT;5037;28;;;;;5044;28;;;;;5040.5;-2.55712890625
0;500;AMETHYSTS;9998;8;9996;1;9995;23;10004;1;10005;23;;;10001.0;2.0
0;500;STARFRUIT;5037;24;;;;;5042;3;5044;24;;;5039.5;-2.318359375
0;600;AMETHYSTS;9996;2;9995;28;;;10004;2;10005;28;;;10000.0;2.0
0;600;STARFRUIT;5041;5;5037;30;;;5044;30;;;;;5042.5;-7.072265625
0;700;STARFRUIT;5036;22;;;;;5043;23;;;;;5039.5;-9.515625
0;700;AMETHYSTS;9996;1;9995;22;;;10004;1;10005;22;;;10000.0;2.0
0;800;AMETHYSTS;9996;1;9995;24;;;10000;3;10004;1;10005;24;9998.0;2.0
0;800;STARFRUIT;5036;25;;;;;5039;3;5043;25;;;5037.5;-11.154296875
0;900;AMETHYSTS;9996;1;9995;20;;;9998;11;10004;1;10005;20;9997.0;2.0
0;900;STARFRUIT;5036;21;;;;;5043;21;;;;;5039.5;-9.3515625
0;1000;AMETHYSTS;9996;1;9995;30;;;10004;1;10005;30;;;10000.0;24.0
0;1000;STARFRUIT;5037;1;5036;30;;;5043;31;;;;;5040.0;-7.55078125
0;1100;STARFRUIT;5037;22;;;;;5043;1;5044;21;;;5040.0;-5.1484375
0;1100;AMETHYSTS;9996;1;9995;21;;;10002;6;10004;1;10005;21;9999.0;24.0
0;1200;AMETHYSTS;9996;1;9995;22;;;10004;1;10005;22;;;10000.0;24.0
0;1200;STARFRUIT;5036;23;;;;;5037;1;5043;23;;;5036.5;-11.8125
0;1300;AMETHYSTS;10002;1;9995;25;;;10005;25;;;;;10003.5;24.0
0;1300;STARFRUIT;5036;25;;;;;5043;25;;;;;5039.5;-13.27734375
0;1400;AMETHYSTS;9995;23;;;;;10000;6;10005;23;;;9997.5;26.0
0;1400;STARFRUIT;5036;23;;;;;5039;6;5043;23;;;5037.5;-12.75
0;1500;STARFRUIT;5041;1;5036;21;;;5043;21;;;;;5042.0;-9.171875
0;1500;AMETHYSTS;9996;1;9995;20;;;9998;4;10004;1;10005;20;9997.0;26.0
0;1600;AMETHYSTS;9996;2;9995;28;;;10004;2;10005;28;;;10000.0;34.0
0;1600;STARFRUIT;5037;30;;;;;5043;2;5044;28;;;5040.0;2.34375
0;1700;AMETHYSTS;9995;28;;;;;10005;28;;;;;10000.0;34.0
0;1700;STARFRUIT;5036;28;;;;;5041;8;5043;28;;;5038.5;-8.90625
0;1800;AMETHYSTS;10000;4;9995;23;;;10002;10;10005;23;;;10001.0;34.0
0;1800;STARFRUIT;5040;4;5036;23;;;5044;23;;;;;5042.0;-5.953125
0;1900;STARFRUIT;5036;31;;;;;5043;32;;;;;5039.5;-17.9921875
0;1900;AMETHYSTS;9996;2;9995;30;;;10004;2;10005;30;;;10000.0;34.0
0;2000;AMETHYSTS;9996;2;9995;21;;;10004;2;10005;21;;;10000.0;34.0
0;2000;STARFRUIT;5036;23;;;;;5043;23;;;;;5039.5;-16.9296875
0;2100;AMETHYSTS;9996;2;9995;26;;;10004;2;10005;26;;;10000.0;34.0
0;2100;STARFRUIT;5036;28;;;;;5041;5;5043;28;;;5038.5;-16.109375
0;2200;AMETHYSTS;9996;1;9995;20;;;9998;4;10004;1;10005;20;9997.0;34.0
0;2200;STARFRUIT;5037;4;5036;21;;;5043;21;;;;;5040.0;-17.5390625
0;2300;STARFRUIT;5038;5;5037;24;;;5043;2;5044;22;;;5040.5;-3.8125
0;2300;AMETHYSTS;9996;2;9995;22;;;10004;2;10005;22;;;10000.0;42.0
0;2400;AMETHYSTS;9996;2;9995;20;;;10004;2;10005;20;;;10000.0;42.0
0;2400;STARFRUIT;5037;22;;;;;5043;2;5044;20;;;5040.0;-9.6640625
0;2500;AMETHYSTS;9998;3;9996;2;9995;21;10004;2;10005;21;;;10001.0;42.0
0;2500;STARFRUIT;5036;23;;;;;5043;23;;;;;5039.5;-22.28125
0;2600;AMETHYSTS;10002;1;9996;1;9995;29;10004;1;10005;29;;;10003.0;42.0
0;2600;STARFRUIT;5035;30;;;;;5042;30;;;;;5038.5;-44.3125
0;2700;STARFRUIT;5036;7;5035;23;;;5041;2;5042;21;;;5038.5;-47.59375
0;2700;AMETHYSTS;9998;7;9996;2;9995;21;10004;2;10005;21;;;10001.0;44.0
0;2800;AMETHYSTS;9995;27;;;;;10005;27;;;;;10000.0;44.0
0;2800;STARFRUIT;5035;27;;;;;5042;27;;;;;5038.5;-38.9375
0;2900;AMETHYSTS;9996;2;9995;20;;;10004;2;10005;20;;;10000.0;44.0
0;2900;STARFRUIT;5035;22;;;;;5042;22;;;;;5038.5;-41.296875
0;3000;AMETHYSTS;9996;1;9995;29;;;10004;1;10005;29;;;10000.0;44.0
0;3000;STARFRUIT;5040;1;5035;6;5034;29;5041;30;;;;;5040.5;-54.0703125
0;3100;STARFRUIT;5035;1;5034;27;;;5041;28;;;;;5038.0;-52.53125
0;3100;AMETHYSTS;9998;5;9996;1;9995;27;10004;1;10005;27;;;10001.0;44.0
0;3200;STARFRUIT;5035;24;;;;;5038;5;5042;24;;;5036.5;-46.2734375
0;3200;AMETHYSTS;10002;2;9995;24;;;10005;24;;;;;10003.5;44.0
0;3300;AMETHYSTS;10002;1;9996;1;9995;24;10004;1;10005;24;;;10003.0;48.0
0;3300;STARFRUIT;5034;25;;;;;5041;25;;;;;5037.5;-57.03125
0;3400;STARFRUIT;5034;29;;;;;5041;29;;;;;5037.5;-57.6171875
0;3400;AMETHYSTS;9998;10;9996;2;9995;27;10004;2;10005;27;;;10001.0;50.0
0;3500;STARFRUIT;5034;26;;;;;5041;26;;;;;5037.5;-56.6796875
0;3500;AMETHYSTS;9995;26;;;;;10002;10;10005;26;;;9998.5;50.0
0;3600;STARFRUIT;5034;27;;;;;5041;27;;;;;5037.5;-59.875
0;3600;AMETHYSTS;9995;27;;;;;10002;8;10005;27;;;9998.5;50.0
0;3700;AMETHYSTS;9998;3;9995;25;;;10005;25;;;;;10001.5;50.0
0;3700;STARFRUIT;5034;25;;;;;5041;25;;;;;5037.5;-53.046875
0;3800;STARFRUIT;5034;24;;;;;5039;7;5041;24;;;5036.5;-55.453125
0;3800;AMETHYSTS;9995;24;;;;;10005;24;;;;;10000.0;50.0
0;3900;STARFRUIT;5035;1;5034;26;;;5040;2;5041;24;;;5037.5;-66.0625
0;3900;AMETHYSTS;9996;2;9995;24;;;10004;2;10005;24;;;10000.0;50.0
0;4000;STARFRUIT;5034;30;;;;;5041;31;;;;;5037.5;-61.3828125
0;4000;AMETHYSTS;10002;1;9996;1;9995;30;10004;1;10005;30;;;10003.0;50.0
0;4100;AMETHYSTS;10000;5;9996;2;9995;22;10002;4;10004;2;10005;22;10001.0;52.0
0;4100;STARFRUIT;5037;5;5035;2;5034;22;5041;24;;;;;5039.0;-50.5390625
0;4200;STARFRUIT;5034;29;;;;;5039;7;5041;29;;;5036.5;-61.9140625
0;4200;AMETHYSTS;10002;5;9996;1;9995;28;10004;1;10005;28;;;10003.0;52.0
0;4300;STARFRUIT;5034;26;;;;;5036;2;5041;26;;;5035.0;-50.625
0;4300;AMETHYSTS;9995;26;;;;;10002;8;10005;26;;;9998.5;62.0
0;4400;STARFRUIT;5035;28;;;;;5042;28;;;;;5038.5;-44.7734375
0;4400;AMETHYSTS;9995;28;;;;;10005;28;;;;;10000.0;62.0
0;4500;AMETHYSTS;9995;26;;;;;10005;26;;;;;10000.0;62.0
0;4500;STARFRUIT;5035;26;;;;;5040;8;5042;26;;;5037.5;-44.546875
0;4600;STARFRUIT;5035;21;;;;;5040;3;5042;21;;;5037.5;-46.640625
0;4600;AMETHYSTS;9995;21;;;;;10005;21;;;;;10000.0;62.0
0;4700;STARFRUIT;5034;26;;;;;5041;26;;;;;5037.5;-61.578125
0;4700;AMETHYSTS;9998;5;9995;26;;;10005;26;;;;;10001.5;62.0
0;4800;STARFRUIT;5039;1;5035;7;5034;23;5041;23;;;;;5040.0;-60.7421875
0;4800;AMETHYSTS;9996;1;9995;22;;;10004;1;10005;22;;;10000.0;62.0
0;4900;AMETHYSTS;9996;2;9995;22;;;10004;2;10005;22;;;10000.0;62.0
0;4900;STARFRUIT;5033;24;;;;;5038;6;5040;24;;;5035.5;-75.734375
0;5000;STARFRUIT;5033;6;5032;30;;;5039;31;;;;;5036.0;-90.0390625
0;5000;AMETHYSTS;9998;9;9996;1;9995;30;10004;1;10005;30;;;10001.0;62.0
0;5100;STARFRUIT;5032;26;;;;;5039;26;;;;;5035.5;-90.9140625
0;5100;AMETHYSTS;9995;26;;;;;10005;26;;;;;10000.0;62.0
0;5200;STARFRUIT;5035;5;5033;8;5032;23;5039;25;;;;;5037.0;-91.3671875
0;5200;AMETHYSTS;10000;5;9998;7;9996;2;10004;2;10005;23;;;10002.0;62.0
0;5300;AMETHYSTS;9995;22;;;;;9998;12;10005;22;;;9996.5;62.0
0;5300;STARFRUIT;5032;22;;;;;5039;22;;;;;5035.5;-97.109375
0;5400;STARFRUIT;5032;30;;;;;5039;30;;;;;5035.5;-92.78125
0;5400;AMETHYSTS;9995;30;;;;;10005;30;;;;;10000.0;86.0
0;5500;AMETHYSTS;9996;1;9995;28;;;10004;1;10005;28;;;10000.0;86.0
0;5500;STARFRUIT;5032;29;;;;;5033;8;5039;29;;;5032.5;-93.4453125
0;5600;AMETHYSTS;9998;2;9996;2;9995;23;10004;2;10005;23;;;10001.0;86.0
0;5600;STARFRUIT;5032;25;;;;;5038;2;5039;23;;;5035.0;-105.78125
0;5700;AMETHYSTS;9996;1;9995;30;;;10004;1;10005;30;;;10000.0;86.0
0;5700;STARFRUIT;5032;3;5031;31;;;5038;31;;;;;5035.0;-116.6953125
0;5800;STARFRUIT;5031;30;;;;;5038;30;;;;;5034.5;-113.6953125
0;5800;AMETHYSTS;9996;2;9995;28;;;10004;2;10005;28;;;10000.0;86.0
0;5900;AMETHYSTS;9996;2;9995;21;;;10004;2;10005;21;;;10000.0;86.0
0;5900;STARFRUIT;5031;23;;;;;5038;23;;;;;5034.5;-111.484375
0;6000;AMETHYSTS;9995;30;;;;;10002;10;10005;30;;;9998.5;86.0
0;6000;STARFRUIT;5031;30;;;;;5038;30;;;;;5034.5;-113.4453125
0;6100;AMETHYSTS;9996;1;9995;24;;;10004;1;10005;24;;;10000.0;86.0
0;6100;STARFRUIT;5031;25;;;;;5037;1;5038;24;;;5034.0;-124.4375
0;6200;STARFRUIT;5036;1;5031;30;;;5038;30;;;;;5037.0;-124.0625
0;6200;AMETHYSTS;9998;3;9996;1;9995;29;10004;1;10005;29;;;10001.0;86.0
0;6300;AMETHYSTS;9995;22;;;;;10005;22;;;;;10000.0;86.0
0;6300;STARFRUIT;5030;22;;;;;5037;22;;;;;5033.5;-136.4375
0;6400;AMETHYSTS;9996;1;9995;23;;;10002;6;10004;1;10005;23;9999.0;86.0
0;6400;STARFRUIT;5030;24;;;;;5036;1;5037;23;;;5033.0;-146.0625
0;6500;AMETHYSTS;9995;22;;;;;10005;22;;;;;10000.0;86.0
0;6500;STARFRUIT;5029;22;;;;;5036;22;;;;;5032.5;-149.546875
0;6600;STARFRUIT;5030;29;;;;;5031;7;5036;2;5037;27;5030.5;-145.625
0;6600;AMETHYSTS;9996;2;9995;27;;;10004;2;10005;27;;;10000.0;86.0
0;6700;AMETHYSTS;9996;1;9995;30;;;10004;1;10005;30;;;10000.0;86.0
0;6700;STARFRUIT;5030;1;5029;30;;;5034;7;5036;31;;;5032.0;-151.0390625
0;6800;AMETHYSTS;10000;5;9996;2;9995;29;10004;2;10005;29;;;10002.0;86.0
0;6800;STARFRUIT;5033;4;5030;31;;;5037;31;;;;;5035.0;-142.703125
0;6900;AMETHYSTS;9996;2;9995;27;;;10004;2;10005;27;;;10000.0;86.0
0;6900;STARFRUIT;5030;29;;;;;5035;3;5037;29;;;5032.5;-141.84375
0;7000;STARFRUIT;5030;8;5029;30;;;5036;31;;;;;5033.0;-153.171875
0;7000;AMETHYSTS;9996;1;9995;30;;;10004;1;10005;30;;;10000.0;86.0
0;7100;AMETHYSTS;9996;1;9995;30;;;9998;5;10002;7;10004;1;9997.0;86.0
0;7100;STARFRUIT;5030;1;5029;30;;;5036;31;;;;;5033.0;-152.90625
0;7200;AMETHYSTS;9996;1;9995;22;;;10002;1;10004;1;10005;22;9999.0;86.0
0;7200;STARFRUIT;5031;6;5030;23;;;5036;1;5037;22;;;5033.5;-145.3671875
0;7300;AMETHYSTS;9996;1;9995;25;;;10004;1;10005;25;;;10000.0;86.0
0;7300;STARFRUIT;5030;26;;;;;5036;1;5037;25;;;5033.0;-148.140625
0;7400;STARFRUIT;5030;22;;;;;5037;22;;;;;5033.5;-145.1796875
0;7400;AMETHYSTS;10002;1;9995;22;;;10005;22;;;;;10003.5;86.0
0;7500;AMETHYSTS;9995;29;;;;;10005;29;;;;;10000.0;88.0
0;7500;STARFRUIT;5030;29;;;;;5035;3;5037;29;;;5032.5;-132.359375
0;7600;AMETHYSTS;10002;1;9995;27;;;10005;27;;;;;10003.5;88.0
0;7600;STARFRUIT;5031;27;;;;;5038;27;;;;;5034.5;-123.390625
0;7700;STARFRUIT;5030;26;;;;;5037;26;;;;;5033.5;-134.609375
0;7700;AMETHYSTS;9996;1;9995;25;;;10002;5;10004;1;10005;25;9999.0;90.0
0;7800;AMETHYSTS;9995;23;;;;;10005;23;;;;;10000.0;90.0
0;7800;STARFRUIT;5031;1;5030;23;;;5037;23;;;;;5034.0;-134.09375
0;7900;AMETHYSTS;9996;2;9995;22;;;10002;7;10004;2;10005;22;9999.0;90.0
0;7900;STARFRUIT;5030;24;;;;;5037;24;;;;;5033.5;-140.0625
0;8000;AMETHYSTS;10000;3;9996;2;9995;28;10004;2;10005;28;;;10002.0;90.0
0;8000;STARFRUIT;5036;1;5033;3;5031;2;5037;30;;;;;5036.5;-130.6875
0;8100;STARFRUIT;5030;25;;;;;5037;25;;;;;5033.5;-130.5234375
0;8100;AMETHYSTS;9995;25;;;;;10005;25;;;;;10000.0;90.0
0;8200;AMETHYSTS;9996;2;9995;25;;;10004;2;10005;25;;;10000.0;90.0
0;8200;STARFRUIT;5030;27;;;;;5037;27;;;;;5033.5;-134.375
0;8300;AMETHYSTS;9998;9;9995;28;;;10005;28;;;;;10001.5;90.0
0;8300;STARFRUIT;5030;28;;;;;5037;28;;;;;5033.5;-131.625
0;8400;AMETHYSTS;9998;5;9995;29;;;10005;29;;;;;10001.5;90.0
0;8400;STARFRUIT;5031;29;;;;;5038;29;;;;;5034.5;-124.890625
0;8500;STARFRUIT;5032;8;5031;27;;;5037;2;5038;25;;;5034.5;-126.7421875
0;8500;AMETHYSTS;9996;2;9995;25;;;10004;2;10005;25;;;10000.0;90.0
0;8600;AMETHYSTS;9996;2;9995;27;;;10004;2;10005;27;;;10000.0;90.0
0;8600;STARFRUIT;5031;29;;;;;5037;2;5038;27;;;5034.0;-128.421875
0;8700;AMETHYSTS;9996;2;9995;22;;;10004;2;10005;22;;;10000.0;90.0
0;8700;STARFRUIT;5035;1;5031;8;5030;24;5037;24;;;;;5036.0;-141.875
0;8800;AMETHYSTS;9996;1;9995;30;;;10004;1;10005;30;;;10000.0;90.0
0;8800;STARFRUIT;5030;31;;;;;5037;31;;;;;5033.5;-139.15625
0;8900;STARFRUIT;5031;2;5030;26;;;5037;26;;;;;5034.0;-143.484375
0;8900;AMETHYSTS;9995;26;;;;;10005;26;;;;;10000.0;90.0
0;9000;AMETHYSTS;9995;23;;;;;10005;23;;;;;10000.0;90.0
0;9000;STARFRUIT;5030;23;;;;;5037;23;;;;;5033.5;-145.546875
0;9100;AMETHYSTS;9995;22;;;;;9998;1;10005;22;;;9996.5;90.0
0;9100;STARFRUIT;5030;5;5029;22;;;5036;22;;;;;5033.0;-151.59375
0;9200;AMETHYSTS;9996;2;9995;25;;;10004;2;10005;25;;;10000.0;92.0
0;9200;STARFRUIT;5030;5;5029;25;;;5036;27;;;;;5033.0;-149.71875
0;9300;STARFRUIT;5030;1;5029;29;;;5036;30;;;;;5033.0;-150.578125
0;9300;AMETHYSTS;10002;11;9998;1;9996;1;10004;1;10005;29;;;10003.0;92.0
0;9400;AMETHYSTS;10002;1;9996;2;9995;28;10004;2;10005;28;;;10003.0;114.0
0;9400;STARFRUIT;5031;3;5030;30;;;5036;2;5037;28;;;5033.5;-144.46875
0;9500;AMETHYSTS;10002;1;9996;2;9995;24;10004;2;10005;24;;;10003.0;116.0
0;9500;STARFRUIT;5030;2;5029;24;;;5036;26;;;;;5033.0;-151.3515625
0;9600;AMETHYSTS;9996;1;9995;20;;;10002;6;10004;1;10005;20;9999.0;118.0
0;9600;STARFRUIT;5029;21;;;;;5036;21;;;;;5032.5;-155.609375
0;9700;STARFRUIT;5029;31;;;;;5032;5;5034;5;5036;31;5030.5;-157.6328125
0;9700;AMETHYSTS;9996;1;9995;30;;;10000;4;10004;1;10005;30;9998.0;118.0
0;9800;AMETHYSTS;9998;1;9996;2;9995;24;10004;2;10005;24;;;10001.0;118.0
0;9800;STARFRUIT;5029;26;;;;;5036;26;;;;;5032.5;-158.0546875
0;9900;AMETHYSTS;9995;24;;;;;10005;24;;;;;10000.0;118.0
0;9900;STARFRUIT;5029;24;;;;;5036;24;;;;;5032.5;-161.890625
0;10000;AMETHYSTS;9995;27;;;;;10005;27;;;;;10000.0;118.0
0;10000;STARFRUIT;5029;27;;;;;5036;27;;;;;5032.5;-161.78125
0;10100;STARFRUIT;5028;21;;;;;5033;5;5035;21;;;5030.5;-174.34375
0;10100;AMETHYSTS;10002;4;9996;1;9995;20;10004;1;10005;20;;;10003.0;118.0
0;10200;AMETHYSTS;9995;20;;;;;10005;20;;;;;10000.0;126.0
0;10200;STARFRUIT;5028;20;;;;;5035;20;;;;;5031.5;-173.8515625
0;10300;AMETHYSTS;9996;1;9995;24;;;10004;1;10005;24;;;10000.0;126.0
0;10300;STARFRUIT;5030;5;5029;25;;;5035;1;5036;24;;;5032.5;-167.6796875
0;10400;AMETHYSTS;9995;25;;;;;10005;25;;;;;10000.0;126.0
0;10400;STARFRUIT;5029;25;;;;;5036;25;;;;;5032.5;-166.5078125
0;10500;STARFRUIT;5030;8;5029;26;;;5037;26;;;;;5033.5;-149.1171875
0;10500;AMETHYSTS;9995;26;;;;;10005;26;;;;;10000.0;126.0
0;10600;AMETHYSTS;9995;20;;;;;10005;20;;;;;10000.0;126.0
0;10600;STARFRUIT;5034;3;5029;20;;;5036;20;;;;;5035.0;-159.4375
0;10700;AMETHYSTS;9995;24;;;;;9998;3;10005;24;;;9996.5;126.0
0;10700;STARFRUIT;5030;7;5029;24;;;5036;24;;;;;5033.0;-168.546875
0;10800;AMETHYSTS;9995;23;;;;;10002;1;10005;23;;;9998.5;132.0
0;10800;STARFRUIT;5030;6;5029;23;;;5036;23;;;;;5033.0;-167.6015625
0;10900;STARFRUIT;5029;1;5028;22;;;5031;6;5035;23;;;5030.0;-170.28125
0;10900;AMETHYSTS;9996;1;9995;22;;;10000;6;10004;1;10005;22;9998.0;132.0
0;11000;AMETHYSTS;9996;1;9995;26;;;10004;1;10005;26;;;10000.0;132.0
0;11000;STARFRUIT;5028;27;;;;;5033;2;5035;27;;;5030.5;-182.9765625
0;11100;AMETHYSTS;9996;1;9995;30;;;10002;1;10004;1;10005;30;9999.0;132.0
0;11100;STARFRUIT;5029;1;5028;31;;;5034;1;5035;30;;;5031.5;-185.40625
0;11200;AMETHYSTS;9996;2;9995;28;;;10004;2;10005;28;;;10000.0;132.0
0;11200;STARFRUIT;5028;2;5027;28;;;5032;5;5034;30;;;5030.0;-193.3046875
0;11300;STARFRUIT;5027;27;;;;;5034;27;;;;;5030.5;-198.6015625
0;11300;AMETHYSTS;9996;2;9995;25;;;10002;2;10004;2;10005;25;9999.0;132.0
0;11400;AMETHYSTS;9995;30;;;;;10005;30;;;;;10000.0;132.0
0;11400;STARFRUIT;5027;30;;;;;5034;30;;;;;5030.5;-203.1015625
0;11500;AMETHYSTS;9996;1;9995;28;;;10004;1;10005;28;;;10000.0;132.0
0;11500;STARFRUIT;5027;29;;;;;5032;5;5034;29;;;5029.5;-194.8515625
0;11600;AMETHYSTS;9996;2;9995;22;;;10004;2;10005;22;;;10000.0;132.0
0;11600;STARFRUIT;5027;24;;;;;5032;7;5034;24;;;5029.5;-197.5546875
0;11700;STARFRUIT;5029;4;5027;2;5026;20;5033;22;;;;;5031.0;-212.671875
0;11700;AMETHYSTS;10000;4;9996;2;9995;20;10004;2;10005;20;;;10002.0;132.0
0;11800;AMETHYSTS;9998;10;9996;1;9995;21;10004;1;10005;21;;;10001.0;132.0
0;11800;STARFRUIT;5026;22;;;;;5033;22;;;;;5029.5;-219.3984375
0;11900;AMETHYSTS;10002;1;10000;4;9998;1;10004;1;10005;22;;;10003.0;132.0
0;11900;STARFRUIT;5028;4;5026;1;5025;22;5032;23;;;;;5030.0;-233.6796875
0;12000;STARFRUIT;5025;28;;;;;5032;28;;;;;5028.5;-240.21875
0;12000;AMETHYSTS;9996;1;9995;27;;;10004;1;10005;27;;;10000.0;134.0
0;12100;STARFRUIT;5026;2;5025;23;;;5032;25;;;;;5029.0;-231.75
0;12100;AMETHYSTS;9996;2;9995;23;;;9998;8;10004;2;10005;23;9997.0;134.0
0;12200;STARFRUIT;5025;25;;;;;5032;25;;;;;5028.5;-233.984375
0;12200;AMETHYSTS;9996;2;9995;23;;;10004;2;10005;23;;;10000.0;150.0
0;12300;AMETHYSTS;9996;1;9995;24;;;10002;3;10004;1;10005;24;9999.0;150.0
0;12300;STARFRUIT;5026;5;5025;24;;;5032;25;;;;;5029.0;-231.21875
0;12400;STARFRUIT;5026;29;;;;;5033;29;;;;;5029.5;-224.96875
0;12400;AMETHYSTS;10002;1;9998;5;9995;29;10005;29;;;;;10003.5;150.0
0;12500;STARFRUIT;5029;3;5026;23;;;5033;23;;;;;5031.0;-222.59375
0;12500;AMETHYSTS;10000;3;9996;1;9995;22;10004;1;10005;22;;;10002.0;152.0
0;12600;STARFRUIT;5029;4;5026;26;;;5033;26;;;;;5031.0;-221.453125
0;12600;AMETHYSTS;10000;4;9995;26;;;10005;26;;;;;10002.5;152.0
0;12700;AMETHYSTS;10002;1;9996;1;9995;27;10004;1;10005;27;;;10003.0;152.0
0;12700;STARFRUIT;5027;28;;;;;5034;28;;;;;5030.5;-203.75
0;12800;STARFRUIT;5030;4;5027;30;;;5034;30;;;;;5032.0;-199.7109375
0;12800;AMETHYSTS;10000;4;9996;2;9995;28;10002;9;10004;2;10005;28;10001.0;154.0
0;12900;STARFRUIT;5027;23;;;;;5032;2;5034;23;;;5029.5;-200.25
0;12900;AMETHYSTS;9996;2;9995;21;;;10002;4;10004;2;10005;21;9999.0;154.0
0;13000;STARFRUIT;5027;32;;;;;5034;32;;;;;5030.5;-196.9609375
0;13000;AMETHYSTS;9996;2;9995;30;;;10002;2;10004;2;10005;30;9999.0;154.0
0;13100;AMETHYSTS;9995;21;;;;;10000;2;10005;21;;;9997.5;154.0
0;13100;STARFRUIT;5028;21;;;;;5031;2;5035;21;;;5029.5;-187.3203125
0;13200;STARFRUIT;5033;1;5029;7;5028;31;5035;31;;;;;5034.0;-182.921875
0;13200;AMETHYSTS;9998;9;9996;2;9995;29;10004;2;10005;29;;;10001.0;154.0
0;13300;STARFRUIT;5028;23;;;;;5035;23;;;;;5031.5;-178.578125
0;13300;AMETHYSTS;10002;2;9996;1;9995;22;10004;1;10005;22;;;10003.0;154.0
0;13400;STARFRUIT;5028;26;;;;;5035;26;;;;;5031.5;-178.53125
0;13400;AMETHYSTS;9995;26;;;;;10005;26;;;;;10000.0;158.0
0;13500;AMETHYSTS;9996;1;9995;24;;;10004;1;10005;24;;;10000.0;158.0
0;13500;STARFRUIT;5028;25;;;;;5035;25;;;;;5031.5;-182.6328125
0;13600;STARFRUIT;5028;26;;;;;5033;3;5035;26;;;5030.5;-177.4453125
0;13600;AMETHYSTS;9996;2;9995;24;;;10002;6;10004;2;10005;24;9999.0;158.0
0;13700;STARFRUIT;5028;28;;;;;5035;28;;;;;5031.5;-172.75
0;13700;AMETHYSTS;10002;1;9995;28;;;10005;28;;;;;10003.5;158.0
0;13800;STARFRUIT;5028;23;;;;;5035;23;;;;;5031.5;-170.28125
0;13800;AMETHYSTS;9998;1;9995;23;;;10005;23;;;;;10001.5;160.0
0;13900;AMETHYSTS;9996;1;9995;20;;;10004;1;10005;20;;;10000.0;160.0
0;13900;STARFRUIT;5029;21;;;;;5031;3;5036;21;;;5030.0;-157.53125
0;14000;STARFRUIT;5030;3;5029;28;;;5036;29;;;;;5033.0;-151.7265625
0;14000;AMETHYSTS;10002;6;9998;1;9996;1;10004;1;10005;28;;;10003.0;160.0
0;14100;STARFRUIT;5029;22;;;;;5036;22;;;;;5032.5;-154.890625
0;14100;AMETHYSTS;9996;2;9995;20;;;10002;4;10004;2;10005;20;9999.0;172.0
0;14200;STARFRUIT;5029;21;;;;;5036;21;;;;;5032.5;-158.78125
0;14200;AMETHYSTS;9995;21;;;;;10005;21;;;;;10000.0;172.0
0;14300;AMETHYSTS;9996;1;9995;21;;;10004;1;10005;21;;;10000.0;172.0
0;14300;STARFRUIT;5029;1;5028;21;;;5035;22;;;;;5032.0;-170.4453125
0;14400;STARFRUIT;5029;22;;;;;5036;23;;;;;5032.5;-160.421875
0;14400;AMETHYSTS;10002;4;9996;2;9995;21;10004;2;10005;21;;;10003.0;172.0
0;14500;AMETHYSTS;9996;1;9995;28;;;10002;10;10004;1;10005;28;9999.0;180.0
0;14500;STARFRUIT;5029;29;;;;;5034;6;5036;29;;;5031.5;-160.6796875
0;14600;AMETHYSTS;9996;1;9995;27;;;10004;1;10005;27;;;10000.0;180.0
0;14600;STARFRUIT;5029;1;5028;27;;;5030;3;5035;1;5036;27;5029.5;-169.3046875
0;14700;AMETHYSTS;9996;1;9995;23;;;10004;1;10005;23;;;10000.0;180.0
0;14700;STARFRUIT;5029;24;;;;;5034;2;5035;1;5036;23;5031.5;-167.921875
0;14800;STARFRUIT;5029;1;5028;30;;;5033;3;5035;31;;;5031.0;-172.15625
0;14800;AMETHYSTS;9996;1;9995;30;;;9998;1;10004;1;10005;30;9997.0;180.0
0;14900;AMETHYSTS;9996;1;9995;25;;;10002;1;10004;1;10005;25;9999.0;182.0
0;14900;STARFRUIT;5032;4;5028;26;;;5035;26;;;;;5033.5;-182.9453125
0;15000;AMETHYSTS;9996;2;9995;25;;;10004;2;10005;25;;;10000.0;182.0
0;15000;STARFRUIT;5029;6;5028;25;;;5035;27;;;;;5032.0;-169.578125
0;15100;AMETHYSTS;9996;1;9995;20;;;9998;1;10004;1;10005;20;9997.0;182.0
0;15100;STARFRUIT;5028;21;;;;;5035;21;;;;;5031.5;-180.8359375
0;15200;STARFRUIT;5031;4;5029;4;5028;23;5035;23;;;;;5033.0;-176.4609375
0;15200;AMETHYSTS;10000;4;9996;2;9995;21;10002;4;10004;2;10005;21;10001.0;184.0
0;15300;AMETHYSTS;9996;2;9995;22;;;10002;7;10004;2;10005;22;9999.0;184.0
0;15300;STARFRUIT;5028;2;5027;22;;;5033;6;5034;2;5035;22;5030.5;-188.953125
0;15400;AMETHYSTS;9995;30;;;;;10005;30;;;;;10000.0;184.0
0;15400;STARFRUIT;5027;30;;;;;5034;30;;;;;5030.5;-193.296875
0;15500;AMETHYSTS;9995;25;;;;;9998;11;10005;25;;;9996.5;184.0
0;15500;STARFRUIT;5028;25;;;;;5035;25;;;;;5031.5;-188.40625
0;15600;STARFRUIT;5028;23;;;;;5034;1;5035;22;;;5031.0;-187.921875
0;15600;AMETHYSTS;9996;1;9995;22;;;10004;1;10005;22;;;10000.0;206.0
0;15700;AMETHYSTS;9996;2;9995;28;;;10004;2;10005;28;;;10000.0;206.0
0;15700;STARFRUIT;5028;30;;;;;5033;1;5034;2;5035;28;5030.5;-187.203125
0;15800;AMETHYSTS;9998;6;9996;2;9995;26;10004;2;10005;26;;;10001.0;206.0
0;15800;STARFRUIT;5029;4;5028;28;;;5035;28;;;;;5032.0;-174.46875
0;15900;AMETHYSTS;9996;1;9995;20;;;10002;8;10004;1;10005;20;9999.0;206.0
0;15900;STARFRUIT;5029;1;5028;20;;;5030;3;5035;21;;;5029.5;-171.578125
0;16000;STARFRUIT;5029;22;;;;;5034;4;5036;22;;;5031.5;-163.96875
0;16000;AMETHYSTS;9996;2;9995;20;;;10004;2;10005;20;;;10000.0;206.0
0;16100;AMETHYSTS;9996;1;9995;26;;;10004;1;10005;26;;;10000.0;206.0
0;16100;STARFRUIT;5029;27;;;;;5031;2;5034;8;5036;27;5030.0;-157.7421875
0;16200;AMETHYSTS;9995;27;;;;;10002;4;10005;27;;;9998.5;206.0
0;16200;STARFRUIT;5029;26;;;;;5036;27;;;;;5032.5;-167.734375
0;16300;AMETHYSTS;9996;1;9995;21;;;10004;1;10005;21;;;10000.0;206.0
0;16300;STARFRUIT;5029;22;;;;;5036;22;;;;;5032.5;-163.703125
0;16400;AMETHYSTS;9996;2;9995;25;;;10002;6;10004;2;10005;25;9999.0;206.0
0;16400;STARFRUIT;5028;27;;;;;5033;7;5035;27;;;5030.5;-173.8359375
0;16500;AMETHYSTS;9995;22;;;;;10005;22;;;;;10000.0;206.0
0;16500;STARFRUIT;5028;22;;;;;5033;1;5035;22;;;5030.5;-188.140625
0;16600;AMETHYSTS;9995;26;;;;;10005;26;;;;;10000.0;206.0
0;16600;STARFRUIT;5029;7;5028;26;;;5035;26;;;;;5032.0;-187.859375
0;16700;STARFRUIT;5028;25;;;;;5035;25;;;;;5031.5;-183.1875
0;16700;AMETHYSTS;10002;1;9998;2;9995;25;10005;25;;;;;10003.5;206.0
0;16800;AMETHYSTS;10000;2;9996;2;9995;25;10004;2;10005;25;;;10002.0;208.0
0;16800;STARFRUIT;5031;2;5028;27;;;5035;27;;;;;5033.0;-181.3359375
0;16900;AMETHYSTS;9996;2;9995;22;;;10004;2;10005;22;;;10000.0;208.0
0;16900;STARFRUIT;5028;24;;;;;5035;24;;;;;5031.5;-182.59375
0;17000;AMETHYSTS;9996;1;9995;25;;;10004;1;10005;25;;;10000.0;208.0
0;17000;STARFRUIT;5029;1;5028;26;;;5034;1;5035;25;;;5031.5;-187.8203125
0;17100;STARFRUIT;5028;1;5027;26;;;5034;27;;;;;5031.0;-191.4921875
0;17100;AMETHYSTS;9996;1;9995;26;;;10004;1;10005;26;;;10000.0;208.0
0;17200;AMETHYSTS;9996;1;9995;27;;;10004;1;10005;27;;;10000.0;208.0
0;17200;STARFRUIT;5028;5;5027;28;;;5034;28;;;;;5031.0;-203.671875
0;17300;AMETHYSTS;9996;1;9995;27;;;10004;1;10005;27;;;10000.0;208.0
0;17300;STARFRUIT;5026;28;;;;;5031;6;5032;1;5033;27;5028.5;-227.40625
0;17400;AMETHYSTS;9995;25;;;;;9998;11;10005;25;;;9996.5;208.0
0;17400;STARFRUIT;5030;3;5026;2;5025;25;5032;25;;;;;5031.0;-231.171875
0;17500;STARFRUIT;5026;28;;;;;5033;28;;;;;5029.5;-222.390625
0;17500;AMETHYSTS;9996;2;9995;26;;;10004;2;10005;26;;;10000.0;230.0
0;17600;AMETHYSTS;9996;1;9995;29;;;10004;1;10005;29;;;10000.0;230.0
0;17600;STARFRUIT;5027;3;5026;30;;;5032;1;5033;29;;;5029.5;-228.140625
0;17700;AMETHYSTS;9998;2;9995;22;;;10005;22;;;;;10001.5;230.0
0;17700;STARFRUIT;5026;22;;;;;5033;22;;;;;5029.5;-220.7890625
0;17800;AMETHYSTS;9996;2;9995;30;;;9998;3;10002;5;10004;2;9997.0;230.0
0;17800;STARFRUIT;5026;32;;;;;5031;5;5033;32;;;5028.5;-215.15625
0;17900;STARFRUIT;5032;1;5029;2;5026;21;5033;21;;;;;5032.5;-215.875
0;17900;AMETHYSTS;9995;21;;;;;9998;1;10002;3;10005;21;9996.5;230.0
0;18000;AMETHYSTS;9995;24;;;;;10005;24;;;;;10000.0;232.0
0;18000;STARFRUIT;5026;24;;;;;5033;24;;;;;5029.5;-221.53125
0;18100;AMETHYSTS;9996;2;9995;28;;;10004;2;10005;28;;;10000.0;232.0
0;18100;STARFRUIT;5026;30;;;;;5033;30;;;;;5029.5;-221.71875
0;18200;AMETHYSTS;9996;2;9995;23;;;10002;10;10004;2;10005;23;9999.0;232.0
0;18200;STARFRUIT;5027;25;;;;;5033;2;5034;23;;;5030.0;-208.5
0;18300;STARFRUIT;5027;20;;;;;5034;20;;;;;5030.5;-204.3984375
0;18300;AMETHYSTS;9995;20;;;;;10005;20;;;;;10000.0;232.0
0;18400;AMETHYSTS;9996;1;9995;21;;;10004;1;10005;21;;;10000.0;232.0
0;18400;STARFRUIT;5032;1;5027;22;;;5033;1;5034;21;;;5032.5;-206.6953125
0;18500;AMETHYSTS;9996;2;9995;21;;;10004;2;10005;21;;;10000.0;232.0
0;18500;STARFRUIT;5027;23;;;;;5029;1;5034;23;;;5028.0;-197.2109375
0;18600;AMETHYSTS;9996;1;9995;21;;;10004;1;10005;21;;;10000.0;232.0
0;18600;STARFRUIT;5028;22;;;;;5029;9;5035;22;;;5028.5;-180.90625
0;18700;STARFRUIT;5028;30;;;;;5035;30;;;;;5031.5;-173.421875
0;18700;AMETHYSTS;10002;1;9995;30;;;10005;30;;;;;10003.5;232.0
0;18800;AMETHYSTS;9995;24;;;;;10002;7;10005;24;;;9998.5;234.0
0;18800;STARFRUIT;5028;24;;;;;5035;24;;;;;5031.5;-179.375
0;18900;AMETHYSTS;10002;1;9995;25;;;10005;25;;;;;10003.5;234.0
0;18900;STARFRUIT;5030;7;5029;25;;;5036;25;;;;;5033.0;-163.75
0;19000;AMETHYSTS;9996;1;9995;30;;;10004;1;10005;30;;;10000.0;236.0
0;19000;STARFRUIT;5029;31;;;;;5036;31;;;;;5032.5;-158.15625
0;19100;STARFRUIT;5030;2;5029;21;;;5036;23;;;;;5033.0;-150.2890625
0;19100;AMETHYSTS;9996;2;9995;21;;;10004;2;10005;21;;;10000.0;236.0
0;19200;AMETHYSTS;9995;26;;;;;10002;1;10005;26;;;9998.5;236.0
0;19200;STARFRUIT;5030;26;;;;;5037;26;;;;;5033.5;-143.171875
0;19300;AMETHYSTS;9996;2;9995;23;;;9998;6;10004;2;10005;23;9997.0;236.0
0;19300;STARFRUIT;5032;2;5031;23;;;5038;25;;;;;5035.0;-112.75
0;19400;AMETHYSTS;9996;2;9995;24;;;10002;5;10004;2;10005;24;9999.0;236.0
0;19400;STARFRUIT;5032;26;;;;;5038;2;5039;24;;;5035.0;-106.7734375
0;19500;STARFRUIT;5031;23;;;;;5038;23;;;;;5034.5;-111.953125
0;19500;AMETHYSTS;9995;23;;;;;10005;23;;;;;10000.0;236.0
0;19600;AMETHYSTS;10002;1;9998;5;9996;1;10004;1;10005;26;;;10003.0;236.0
0;19600;STARFRUIT;5032;27;;;;;5038;1;5039;26;;;5035.0;-106.421875
0;19700;AMETHYSTS;9996;2;9995;29;;;10004;2;10005;29;;;10000.0;238.0
0;19700;STARFRUIT;5032;31;;;;;5039;31;;;;;5035.5;-94.8203125
0;19800;AMETHYSTS;9996;2;9995;26;;;10004;2;10005;26;;;10000.0;238.0
0;19800;STARFRUIT;5033;2;5032;26;;;5039;28;;;;;5036.0;-90.375
0;19900;STARFRUIT;5033;1;5032;22;;;5039;23;;;;;5036.0;-91.234375
0;19900;AMETHYSTS;9996;1;9995;22;;;9998;1;10004;1;10005;22;9997.0;238.0
0;20000;AMETHYSTS;9995;26;;;;;9998;1;10005;26;;;9996.5;240.0
0;20000;STARFRUIT;5032;26;;;;;5037;4;5039;26;;;5034.5;-94.234375
0;20100;AMETHYSTS;9996;1;9995;29;;;9998;4;10004;1;10005;29;9997.0;242.0
0;20100;STARFRUIT;5033;30;;;;;5038;4;5039;1;5040;29;5035.5;-85.5703125
0;20200;AMETHYSTS;10002;1;9995;20;;;10005;20;;;;;10003.5;242.0
0;20200;STARFRUIT;5032;20;;;;;5039;20;;;;;5035.5;-94.40625
0;20300;STARFRUIT;5032;24;;;;;5039;24;;;;;5035.5;-90.6015625
0;20300;AMETHYSTS;10002;4;9995;24;;;10005;24;;;;;10003.5;244.0
0;20400;AMETHYSTS;10002;2;9996;1;9995;27;10004;1;10005;27;;;10003.0;252.0
0;20400;STARFRUIT;5032;28;;;;;5033;3;5039;28;;;5032.5;-102.2421875
0;20500;AMETHYSTS;9998;7;9996;1;9995;25;10004;1;10005;25;;;10001.0;256.0
0;20500;STARFRUIT;5032;26;;;;;5033;8;5039;26;;;5032.5;-97.0078125
0;20600;AMETHYSTS;9996;1;9995;24;;;9998;4;10002;5;10004;1;9997.0;256.0
0;20600;STARFRUIT;5033;25;;;;;5040;25;;;;;5036.5;-83.0546875
0;20700;STARFRUIT;5038;2;5034;3;5033;30;5041;30;;;;;5039.5;-69.2421875
0;20700;AMETHYSTS;9995;30;;;;;10005;30;;;;;10000.0;264.0
0;20800;AMETHYSTS;9996;2;9995;24;;;10004;2;10005;24;;;10000.0;264.0
0;20800;STARFRUIT;5034;26;;;;;5040;2;5041;24;;;5037.0;-66.7734375
0;20900;AMETHYSTS;9996;2;9995;29;;;10004;2;10005;29;;;10000.0;264.0
0;20900;STARFRUIT;5034;31;;;;;5035;1;5041;31;;;5034.5;-58.2109375
0;21000;STARFRUIT;5034;26;;;;;5041;26;;;;;5037.5;-56.6953125
0;21000;AMETHYSTS;9996;1;9995;25;;;10004;1;10005;25;;;10000.0;264.0
0;21100;STARFRUIT;5034;28;;;;;5037;2;5041;28;;;5035.5;-62.2421875
0;21100;AMETHYSTS;9995;28;;;;;10000;2;10005;28;;;9997.5;264.0
0;21200;STARFRUIT;5040;1;5034;29;;;5041;29;;;;;5040.5;-54.3984375
0;21200;AMETHYSTS;9995;29;;;;;9998;1;10005;29;;;9996.5;264.0
0;21300;AMETHYSTS;9995;22;;;;;10005;22;;;;;10000.0;266.0
0;21300;STARFRUIT;5034;22;;;;;5040;2;5042;22;;;5037.0;-48.59375
0;21400;STARFRUIT;5035;1;5034;29;;;5041;30;;;;;5038.0;-50.9921875
0;21400;AMETHYSTS;9996;1;9995;29;;;10004;1;10005;29;;;10000.0;266.0
0;21500;STARFRUIT;5034;28;;;;;5035;5;5041;30;;;5034.5;-50.765625
0;21500;AMETHYSTS;9996;2;9995;28;;;10004;2;10005;28;;;10000.0;266.0
0;21600;STARFRUIT;5035;22;;;;;5042;22;;;;;5038.5;-43.296875
0;21600;AMETHYSTS;9998;5;9996;2;9995;20;10004;2;10005;20;;;10001.0;266.0
0;21700;AMETHYSTS;9996;2;9995;25;;;10004;2;10005;25;;;10000.0;266.0
0;21700;STARFRUIT;5035;6;5034;25;;;5041;2;5042;25;;;5038.0;-49.125
0;21800;STARFRUIT;5035;26;;;;;5042;26;;;;;5038.5;-36.203125
0;21800;AMETHYSTS;9996;1;9995;25;;;10004;1;10005;25;;;10000.0;266.0
0;21900;STARFRUIT;5035;27;;;;;5042;27;;;;;5038.5;-37.015625
0;21900;AMETHYSTS;9995;27;;;;;10002;3;10005;27;;;9998.5;266.0
0;22000;STARFRUIT;5035;22;;;;;5042;22;;;;;5038.5;-35.7578125
0;22000;AMETHYSTS;9996;2;9995;20;;;10004;2;10005;20;;;10000.0;266.0
0;22100;AMETHYSTS;9995;22;;;;;10005;22;;;;;10000.0;266.0
0;22100;STARFRUIT;5035;22;;;;;5040;4;5042;22;;;5037.5;-41.03125
0;22200;STARFRUIT;5036;3;5035;23;;;5042;23;;;;;5039.0;-31.1796875
0;22200;AMETHYSTS;10002;1;9995;23;;;10005;23;;;;;10003.5;266.0
0;22300;STARFRUIT;5036;30;;;;;5043;30;;;;;5039.5;-22.0078125
0;22300;AMETHYSTS;9996;2;9995;28;;;10004;2;10005;28;;;10000.0;268.0
0;22400;STARFRUIT;5036;24;;;;;5043;24;;;;;5039.5;-15.2578125
0;22400;AMETHYSTS;9996;1;9995;23;;;10002;2;10004;1;10005;23;9999.0;268.0
0;22500;AMETHYSTS;9998;2;9995;27;;;10005;27;;;;;10001.5;268.0
0;22500;STARFRUIT;5041;1;5036;27;;;5043;27;;;;;5042.0;-26.34375
0;22600;STARFRUIT;5042;1;5041;4;5037;4;5043;26;;;;;5042.5;-15.9375
0;22600;AMETHYSTS;9998;5;9996;1;9995;25;10004;1;10005;25;;;10001.0;268.0
0;22700;STARFRUIT;5036;26;;;;;5042;1;5043;25;;;5039.0;-24.015625
0;22700;AMETHYSTS;9996;1;9995;25;;;10002;9;10004;1;10005;25;9999.0;268.0
0;22800;STARFRUIT;5036;27;;;;;5043;27;;;;;5039.5;-20.125
0;22800;AMETHYSTS;10002;1;9996;1;9995;26;10004;1;10005;26;;;10003.0;268.0
0;22900;AMETHYSTS;10002;2;9996;1;9995;22;10004;1;10005;22;;;10003.0;270.0
0;22900;STARFRUIT;5036;23;;;;;5037;1;5041;4;5043;23;5036.5;-13.8671875
0;23000;STARFRUIT;5042;1;5037;1;5036;20;5043;21;;;;;5042.5;-8.3125
0;23000;AMETHYSTS;9996;1;9995;20;;;10002;2;10004;1;10005;20;9999.0;274.0
0;23100;STARFRUIT;5038;7;5037;28;;;5043;2;5044;26;;;5040.5;2.0
0;23100;AMETHYSTS;9996;2;9995;26;;;10004;2;10005;26;;;10000.0;274.0
0;23200;AMETHYSTS;9996;1;9995;24;;;10002;4;10004;1;10005;24;9999.0;274.0
0;23200;STARFRUIT;5037;2;5036;24;;;5043;25;;;;;5040.0;-3.9921875
0;23300;AMETHYSTS;9996;2;9995;21;;;10004;2;10005;21;;;10000.0;274.0
0;23300;STARFRUIT;5037;2;5036;21;;;5043;2;5044;21;;;5040.0;-2.40625
0;23400;STARFRUIT;5037;1;5036;29;;;5043;1;5044;29;;;5040.0;-2.0859375
0;23400;AMETHYSTS;9996;1;9995;29;;;10004;1;10005;29;;;10000.0;274.0
0;23500;AMETHYSTS;9996;1;9995;30;;;10004;1;10005;30;;;10000.0;274.0
0;23500;STARFRUIT;5038;3;5037;31;;;5044;31;;;;;5041.0;4.28125
0;23600;AMETHYSTS;9996;2;9995;25;;;10004;2;10005;25;;;10000.0;274.0
0;23600;STARFRUIT;5037;1;5036;25;;;5043;27;;;;;5040.0;-2.984375
0;23700;AMETHYSTS;9996;1;9995;20;;;10004;1;10005;20;;;10000.0;274.0
0;23700;STARFRUIT;5042;1;5037;21;;;5043;1;5044;20;;;5042.5;-1.359375
0;23800;STARFRUIT;5037;22;;;;;5044;22;;;;;5040.5;0.9140625
0;23800;AMETHYSTS;9995;22;;;;;10005;22;;;;;10000.0;274.0
0;23900;AMETHYSTS;9995;27;;;;;10005;27;;;;;10000.0;274.0
0;23900;STARFRUIT;5037;27;;;;;5044;27;;;;;5040.5;1.125
0;24000;AMETHYSTS;9995;29;;;;;10005;29;;;;;10000.0;274.0
0;24000;STARFRUIT;5038;6;5037;29;;;5044;29;;;;;5041.0;13.53125
0;24100;AMETHYSTS;9996;2;9995;20;;;10004;2;10005;20;;;10000.0;274.0
0;24100;STARFRUIT;5037;22;;;;;5044;22;;;;;5040.5;12.2421875
0;24200;STARFRUIT;5038;24;;;;;5043;8;5044;1;5045;23;5040.5;20.578125
0;24200;AMETHYSTS;9996;1;9995;23;;;10002;7;10004;1;10005;23;9999.0;274.0
0;24300;AMETHYSTS;10002;1;9995;27;;;10005;27;;;;;10003.5;274.0
0;24300;STARFRUIT;5038;26;;;;;5043;5;5045;27;;;5040.5;19.3984375
0;24400;AMETHYSTS;9996;1;9995;28;;;10004;1;10005;28;;;10000.0;276.0
0;24400;STARFRUIT;5038;9;5037;28;;;5044;29;;;;;5041.0;14.9296875
0;24500;AMETHYSTS;9996;2;9995;24;;;10002;10;10004;2;10005;24;9999.0;276.0
0;24500;STARFRUIT;5037;26;;;;;5044;26;;;;;5040.5;6.5859375
0;24600;STARFRUIT;5038;2;5037;22;;;5044;24;;;;;5041.0;14.703125
0;24600;AMETHYSTS;9996;2;9995;22;;;10002;10;10004;2;10005;22;9999.0;276.0
0;24700;AMETHYSTS;9996;2;9995;20;;;10004;2;10005;20;;;10000.0;276.0
0;24700;STARFRUIT;5037;22;;;;;5044;22;;;;;5040.5;9.71875
0;24800;AMETHYSTS;9995;28;;;;;10005;28;;;;;10000.0;276.0
0;24800;STARFRUIT;5037;28;;;;;5044;28;;;;;5040.5;9.703125
0;24900;AMETHYSTS;9998;7;9995;24;;;10005;24;;;;;10001.5;276.0
0;24900;STARFRUIT;5037;24;;;;;5044;24;;;;;5040.5;6.1171875
0;25000;STARFRUIT;5037;28;;;;;5043;1;5044;27;;;5040.0;2.34375
0;25000;AMETHYSTS;10002;1;9996;1;9995;27;10004;1;10005;27;;;10003.0;276.0
0;25100;AMETHYSTS;9998;8;9996;1;9995;26;10004;1;10005;26;;;10001.0;278.0
0;25100;STARFRUIT;5036;27;;;;;5043;27;;;;;5039.5;-4.25
0;25200;AMETHYSTS;9996;2;9995;24;;;10000;4;10004;2;10005;24;9998.0;278.0
0;25200;STARFRUIT;5037;6;5036;26;;;5039;4;5043;26;;;5038.0;-4.6953125
0;25300;STARFRUIT;5036;22;;;;;5042;1;5043;21;;;5039.0;-15.921875
0;25300;AMETHYSTS;9998;9;9996;1;9995;21;10004;1;10005;21;;;10001.0;278.0
0;25400;AMETHYSTS;10002;3;9996;2;9995;27;10004;2;10005;27;;;10003.0;278.0
0;25400;STARFRUIT;5035;29;;;;;5042;29;;;;;5038.5;-22.265625
0;25500;AMETHYSTS;9996;1;9995;23;;;10004;1;10005;23;;;10000.0;284.0
0;25500;STARFRUIT;5036;1;5035;23;;;5040;6;5042;24;;;5038.0;-19.8046875
0;25600;AMETHYSTS;9995;24;;;;;10005;24;;;;;10000.0;284.0
0;25600;STARFRUIT;5035;24;;;;;5040;6;5042;24;;;5037.5;-26.546875
0;25700;STARFRUIT;5036;1;5035;24;;;5042;1;5043;24;;;5039.0;-17.75
0;25700;AMETHYSTS;9996;1;9995;24;;;10004;1;10005;24;;;10000.0;284.0
0;25800;AMETHYSTS;10002;1;9996;2;9995;27;10004;2;10005;27;;;10003.0;284.0
0;25800;STARFRUIT;5037;29;;;;;5043;2;5044;27;;;5040.0;0.46875
0;25900;AMETHYSTS;9996;2;9995;27;;;10004;2;10005;27;;;10000.0;286.0
0;25900;STARFRUIT;5037;29;;;;;5044;29;;;;;5040.5;6.765625
0;26000;AMETHYSTS;9995;27;;;;;10005;27;;;;;10000.0;286.0
0;26000;STARFRUIT;5042;1;5037;27;;;5044;27;;;;;5043.0;3.6640625
0;26100;STARFRUIT;5042;1;5038;2;5037;25;5043;1;5044;24;;;5042.5;4.0859375
0;26100;AMETHYSTS;10002;1;9998;3;9996;1;10004;1;10005;24;;;10003.0;286.0
0;26200;AMETHYSTS;10002;1;9996;2;9995;27;10004;2;10005;27;;;10003.0;288.0
0;26200;STARFRUIT;5037;29;;;;;5043;2;5044;27;;;5040.0;5.6796875
0;26300;AMETHYSTS;9996;1;9995;25;;;10002;1;10004;1;10005;25;9999.0;290.0
0;26300;STARFRUIT;5037;26;;;;;5038;1;5044;26;;;5037.5;15.2734375
0;26400;AMETHYSTS;9995;27;;;;;10005;27;;;;;10000.0;290.0
0;26400;STARFRUIT;5037;27;;;;;5044;27;;;;;5040.5;22.3046875
0;26500;STARFRUIT;5038;22;;;;;5044;1;5045;21;;;5041.0;26.6328125
0;26500;AMETHYSTS;9996;1;9995;21;;;10004;1;10005;21;;;10000.0;290.0
0;26600;AMETHYSTS;9996;2;9995;29;;;9998;4;10004;2;10005;29;9997.0;290.0
0;26600;STARFRUIT;5037;31;;;;;5044;31;;;;;5040.5;15.671875
0;26700;AMETHYSTS;9995;26;;;;;10005;26;;;;;10000.0;298.0
0;26700;STARFRUIT;5042;1;5038;8;5037;26;5044;26;;;;;5043.0;13.625
0;26800;AMETHYSTS;10002;1;9998;7;9995;20;10005;20;;;;;10003.5;298.0
0;26800;STARFRUIT;5037;20;;;;;5044;20;;;;;5040.5;17.515625
0;26900;STARFRUIT;5037;22;;;;;5044;22;;;;;5040.5;18.984375
0;26900;AMETHYSTS;9995;22;;;;;10005;22;;;;;10000.0;300.0
0;27000;AMETHYSTS;9998;2;9996;1;9995;26;10004;1;10005;26;;;10001.0;300.0
0;27000;STARFRUIT;5037;27;;;;;5042;6;5044;27;;;5039.5;13.4375
0;27100;AMETHYSTS;9996;2;9995;27;;;9998;1;10002;10;10004;2;9997.0;300.0
0;27100;STARFRUIT;5043;1;5037;29;;;5044;29;;;;;5043.5;18.4296875
0;27200;AMETHYSTS;9998;3;9996;2;9995;23;10004;2;10005;23;;;10001.0;302.0
0;27200;STARFRUIT;5042;1;5038;7;5037;25;5043;2;5044;23;;;5042.5;14.3125
0;27300;STARFRUIT;5037;25;;;;;5038;1;5044;25;;;5037.5;25.90625
0;27300;AMETHYSTS;9995;25;;;;;10002;8;10005;25;;;9998.5;302.0
0;27400;AMETHYSTS;9996;1;9995;22;;;9998;3;10004;1;10005;22;9997.0;302.0
0;27400;STARFRUIT;5041;6;5039;1;5038;22;5045;23;;;;;5043.0;41.609375
0;27500;AMETHYSTS;9995;30;;;;;10005;30;;;;;10000.0;308.0
0;27500;STARFRUIT;5038;30;;;;;5045;30;;;;;5041.5;39.0078125
0;27600;AMETHYSTS;9996;2;9995;26;;;10002;4;10004;2;10005;26;9999.0;308.0
0;27600;STARFRUIT;5043;1;5039;6;5038;28;5045;28;;;;;5044.0;35.8828125
0;27700;STARFRUIT;5038;32;;;;;5045;32;;;;;5041.5;38.78125
0;27700;AMETHYSTS;9996;2;9995;30;;;10004;2;10005;30;;;10000.0;308.0
0;27800;AMETHYSTS;9998;2;9996;2;9995;20;10004;2;10005;20;;;10001.0;308.0
0;27800;STARFRUIT;5039;5;5038;22;;;5044;2;5045;20;;;5041.5;32.6796875
0;27900;AMETHYSTS;9995;29;;;;;10005;29;;;;;10000.0;308.0
0;27900;STARFRUIT;5038;29;;;;;5043;8;5045;29;;;5040.5;41.0546875
0;28000;AMETHYSTS;9995;22;;;;;10005;22;;;;;10000.0;308.0
0;28000;STARFRUIT;5039;4;5038;22;;;5045;22;;;;;5042.0;38.421875
0;28100;STARFRUIT;5039;21;;;;;5046;21;;;;;5042.5;51.28125
0;28100;AMETHYSTS;9996;1;9995;20;;;10004;1;10005;20;;;10000.0;308.0
0;28200;AMETHYSTS;9995;23;;;;;10005;23;;;;;10000.0;308.0
0;28200;STARFRUIT;5039;23;;;;;5046;23;;;;;5042.5;50.359375
0;28300;AMETHYSTS;9996;2;9995;28;;;10004;2;10005;28;;;10000.0;308.0
0;28300;STARFRUIT;5039;30;;;;;5045;2;5046;28;;;5042.0;47.9453125
0;28400;AMETHYSTS;9995;20;;;;;10002;8;10005;20;;;9998.5;308.0
0;28400;STARFRUIT;5039;20;;;;;5046;20;;;;;5042.5;49.8046875
0;28500;STARFRUIT;5039;5;5038;28;;;5045;30;;;;;5042.0;44.1484375
0;28500;AMETHYSTS;9996;2;9995;28;;;10004;2;10005;28;;;10000.0;308.0
0;28600;AMETHYSTS;9996;2;9995;26;;;10000;5;10002;5;10004;2;9998.0;308.0
0;28600;STARFRUIT;5039;27;;;;;5042;5;5045;2;5046;26;5040.5;47.578125
0;28700;AMETHYSTS;9998;8;9996;2;9995;22;10004;2;10005;22;;;10001.0;308.0
0;28700;STARFRUIT;5039;23;;;;;5045;2;5046;22;;;5042.0;47.7109375
0;28800;AMETHYSTS;9995;21;;;;;10002;8;10005;21;;;9998.5;308.0
0;28800;STARFRUIT;5038;21;;;;;5046;21;;;;;5042.0;45.796875
0;28900;STARFRUIT;5040;1;5039;23;;;5045;1;5046;22;;;5042.5;48.3828125
0;28900;AMETHYSTS;9996;1;9995;22;;;10002;5;10004;1;10005;22;9999.0;308.0
0;29000;AMETHYSTS;10002;1;9996;2;9995;24;10004;2;10005;24;;;10003.0;308.0
0;29000;STARFRUIT;5039;26;;;;;5045;2;5046;24;;;5042.0;48.75
0;29100;AMETHYSTS;9995;23;;;;;10002;2;10005;23;;;9998.5;310.0
0;29100;STARFRUIT;5039;23;;;;;5046;23;;;;;5042.5;48.0390625
0;29200;AMETHYSTS;9996;1;9995;22;;;10004;1;10005;22;;;10000.0;310.0
0;29200;STARFRUIT;5040;1;5039;22;;;5046;23;;;;;5043.0;58.21875
0;29300;STARFRUIT;5040;23;;;;;5046;1;5047;22;;;5043.0;62.1953125
0;29300;AMETHYSTS;9996;1;9995;22;;;10004;1;10005;22;;;10000.0;310.0
0;29400;AMETHYSTS;9996;2;9995;23;;;10002;4;10004;2;10005;23;9999.0;310.0
0;29400;STARFRUIT;5039;25;;;;;5046;25;;;;;5042.5;54.7890625
0;29500;AMETHYSTS;9998;6;9995;20;;;10005;20;;;;;10001.5;310.0
0;29500;STARFRUIT;5039;20;;;;;5040;1;5046;20;;;5039.5;58.1171875
0;29600;AMETHYSTS;9996;1;9995;26;;;10000;4;10004;1;10005;26;9998.0;310.0
0;29600;STARFRUIT;5040;1;5039;26;;;5042;4;5046;27;;;5041.0;57.3828125
0;29700;STARFRUIT;5040;23;;;;;5045;8;5046;1;5047;22;5042.5;60.3984375
0;29700;AMETHYSTS;9996;1;9995;22;;;10002;7;10004;1;10005;22;9999.0;310.0
0;29800;STARFRUIT;5045;1;5040;4;5039;25;5047;25;;;;;5046.0;59.921875
0;29800;AMETHYSTS;9995;25;;;;;10005;25;;;;;10000.0;310.0
0;29900;AMETHYSTS;9996;2;9995;30;;;10004;2;10005;30;;;10000.0;310.0
0;29900;STARFRUIT;5040;32;;;;;5047;32;;;;;5043.5;69.703125
0;30000;STARFRUIT;5041;6;5040;23;;;5047;25;;;;;5044.0;72.6484375
0;30000;AMETHYSTS;9998;10;9996;2;9995;23;10004;2;10005;23;;;10001.0;310.0
0;30100;STARFRUIT;5041;1;5040;20;;;5047;21;;;;;5044.0;72.78125
0;30100;AMETHYSTS;9996;1;9995;20;;;10004;1;10005;20;;;10000.0;310.0
0;30200;STARFRUIT;5041;30;;;;;5048;30;;;;;5044.5;78.390625
0;30200;AMETHYSTS;9996;2;9995;28;;;9998;1;10002;8;10004;2;9997.0;310.0
0;30300;AMETHYSTS;10002;4;9996;2;9995;29;10004;2;10005;29;;;10003.0;312.0
0;30300;STARFRUIT;5041;31;;;;;5046;1;5047;2;5048;29;5043.5;76.03125
0;30400;STARFRUIT;5045;2;5040;30;;;5047;30;;;;;5046.0;68.8828125
0;30400;AMETHYSTS;9995;30;;;;;10005;30;;;;;10000.0;320.0
0;30500;STARFRUIT;5040;7;5039;28;;;5046;30;;;;;5043.0;65.01171875
0;30500;AMETHYSTS;9996;2;9995;28;;;10004;2;10005;28;;;10000.0;320.0
0;30600;STARFRUIT;5040;32;;;;;5045;7;5046;2;5047;30;5042.5;66.859375
0;30600;AMETHYSTS;10002;1;9996;2;9995;30;10004;2;10005;30;;;10003.0;320.0
0;30700;AMETHYSTS;9996;2;9995;27;;;10004;2;10005;27;;;10000.0;322.0
0;30700;STARFRUIT;5039;29;;;;;5046;29;;;;;5042.5;62.609375
0;30800;STARFRUIT;5039;2;5038;29;;;5045;31;;;;;5042.0;54.5078125
0;30800;AMETHYSTS;9998;8;9996;2;9995;29;10004;2;10005;29;;;10001.0;322.0
0;30900;STARFRUIT;5038;21;;;;;5043;7;5045;21;;;5040.5;53.796875
0;30900;AMETHYSTS;9995;21;;;;;10005;21;;;;;10000.0;322.0
0;31000;STARFRUIT;5043;1;5042;5;5038;28;5045;28;;;;;5044.0;47.77734375
0;31000;AMETHYSTS;9996;2;9995;26;;;10002;2;10004;2;10005;26;9999.0;322.0
0;31100;AMETHYSTS;10002;1;9995;23;;;10005;23;;;;;10003.5;322.0
0;31100;STARFRUIT;5038;23;;;;;5039;9;5045;23;;;5038.5;50.2109375
0;31200;STARFRUIT;5037;21;;;;;5042;8;5044;22;;;5039.5;44.84765625
0;31200;AMETHYSTS;9996;1;9995;21;;;10002;6;10004;1;10005;21;9999.0;324.0
0;31300;STARFRUIT;5038;22;;;;;5044;2;5045;20;;;5041.0;46.91796875
0;31300;AMETHYSTS;9996;2;9995;20;;;10004;2;10005;20;;;10000.0;324.0
0;31400;STARFRUIT;5038;22;;;;;5045;22;;;;;5041.5;49.96484375
0;31400;AMETHYSTS;9995;22;;;;;10005;22;;;;;10000.0;324.0
0;31500;AMETHYSTS;9996;1;9995;21;;;10004;1;10005;21;;;10000.0;324.0
0;31500;STARFRUIT;5038;22;;;;;5045;22;;;;;5041.5;50.2265625
0;31600;STARFRUIT;5039;24;;;;;5046;24;;;;;5042.5;58.7421875
0;31600;AMETHYSTS;9995;24;;;;;9998;3;10005;24;;;9996.5;324.0
0;31700;STARFRUIT;5038;29;;;;;5045;29;;;;;5041.5;53.9375
0;31700;AMETHYSTS;9995;29;;;;;10002;3;10005;29;;;9998.5;330.0
0;31800;STARFRUIT;5043;2;5038;24;;;5045;24;;;;;5044.0;51.33203125
0;31800;AMETHYSTS;9996;2;9995;22;;;10002;2;10004;2;10005;22;9999.0;330.0
0;31900;AMETHYSTS;9996;2;9995;26;;;10004;2;10005;26;;;10000.0;330.0
0;31900;STARFRUIT;5039;6;5038;28;;;5045;28;;;;;5042.0;54.92578125
0;32000;STARFRUIT;5038;22;;;;;5045;22;;;;;5041.5;52.6796875
0;32000;AMETHYSTS;9996;2;9995;20;;;10002;10;10004;2;10005;20;9999.0;330.0
0;32100;AMETHYSTS;9998;9;9995;25;;;10005;25;;;;;10001.5;330.0
0;32100;STARFRUIT;5037;25;;;;;5044;25;;;;;5040.5;48.23046875
0;32200;AMETHYSTS;9996;1;9995;24;;;10002;5;10004;1;10005;24;9999.0;330.0
0;32200;STARFRUIT;5037;25;;;;;5044;25;;;;;5040.5;46.83203125
0;32300;AMETHYSTS;10000;3;9996;2;9995;30;10004;2;10005;30;;;10002.0;330.0
0;32300;STARFRUIT;5040;3;5038;2;5037;30;5044;32;;;;;5042.0;49.01171875
0;32400;STARFRUIT;5037;29;;;;;5044;29;;;;;5040.5;46.53125
0;32400;AMETHYSTS;9998;2;9995;29;;;10005;29;;;;;10001.5;330.0
0;32500;AMETHYSTS;10002;1;9996;2;9995;24;10004;2;10005;24;;;10003.0;330.0
0;32500;STARFRUIT;5038;1;5037;26;;;5043;2;5044;24;;;5040.5;42.3359375
0;32600;AMETHYSTS;9998;1;9996;2;9995;26;10004;2;10005;26;;;10001.0;332.0
0;32600;STARFRUIT;5037;28;;;;;5044;28;;;;;5040.5;45.62109375
0;32700;AMETHYSTS;9996;2;9995;30;;;10004;2;10005;30;;;10000.0;332.0
0;32700;STARFRUIT;5038;32;;;;;5044;2;5045;30;;;5041.0;51.08984375
0;32800;STARFRUIT;5038;29;;;;;5045;29;;;;;5041.5;52.06640625
0;32800;AMETHYSTS;9995;29;;;;;10005;29;;;;;10000.0;332.0
0;32900;AMETHYSTS;9996;1;9995;20;;;10002;10;10004;1;10005;20;9999.0;332.0
0;32900;STARFRUIT;5038;1;5037;20;;;5044;21;;;;;5041.0;48.40625
0;33000;AMETHYSTS;9998;2;9995;28;;;10005;28;;;;;10001.5;332.0
0;33000;STARFRUIT;5037;28;;;;;5042;4;5044;28;;;5039.5;49.609375
0;33100;AMETHYSTS;9996;1;9995;25;;;10004;1;10005;25;;;10000.0;332.0
0;33100;STARFRUIT;5037;26;;;;;5044;26;;;;;5040.5;47.92578125
0;33200;STARFRUIT;5038;24;;;;;5043;5;5044;1;5045;23;5040.5;51.55859375
0;33200;AMETHYSTS;9996;1;9995;23;;;10004;1;10005;23;;;10000.0;332.0
0;33300;AMETHYSTS;9996;1;9995;30;;;10002;1;10004;1;10005;30;9999.0;332.0
0;33300;STARFRUIT;5038;31;;;;;5045;31;;;;;5041.5;53.14453125
0;33400;AMETHYSTS;9995;20;;;;;10005;20;;;;;10000.0;332.0
0;33400;STARFRUIT;5037;20;;;;;5042;2;5044;20;;;5039.5;49.01171875
0;33500;AMETHYSTS;9996;2;9995;21;;;10002;4;10004;2;10005;21;9999.0;332.0
0;33500;STARFRUIT;5038;2;5037;21;;;5044;23;;;;;5041.0;49.26171875
0;33600;STARFRUIT;5037;27;;;;;5044;27;;;;;5040.5;43.13671875
0;33600;AMETHYSTS;9995;27;;;;;9998;2;10005;27;;;9996.5;332.0
0;33700;AMETHYSTS;9996;1;9995;25;;;10004;1;10005;25;;;10000.0;336.0
0;33700;STARFRUIT;5037;1;5036;25;;;5041;6;5043;26;;;5039.0;40.390625
0;33800;AMETHYSTS;9995;21;;;;;10002;4;10005;21;;;9998.5;336.0
0;33800;STARFRUIT;5036;21;;;;;5043;21;;;;;5039.5;36.5234375
0;33900;AMETHYSTS;9996;1;9995;27;;;10004;1;10005;27;;;10000.0;336.0
0;33900;STARFRUIT;5035;28;;;;;5042;28;;;;;5038.5;31.91015625
0;34000;STARFRUIT;5041;1;5036;2;5035;28;5042;30;;;;;5041.5;33.2421875
0;34000;AMETHYSTS;9996;2;9995;28;;;10004;2;10005;28;;;10000.0;336.0
0;34100;AMETHYSTS;9996;2;9995;25;;;10004;2;10005;25;;;10000.0;336.0
0;34100;STARFRUIT;5036;2;5035;25;;;5042;27;;;;;5039.0;32.40625
0;34200;AMETHYSTS;9996;2;9995;30;;;10002;2;10004;2;10005;30;9999.0;336.0
0;34200;STARFRUIT;5036;32;;;;;5043;32;;;;;5039.5;40.0703125
0;34300;STARFRUIT;5036;28;;;;;5043;29;;;;;5039.5;37.58203125
0;34300;AMETHYSTS;9996;1;9995;28;;;10004;1;10005;28;;;10000.0;336.0
0;34400;AMETHYSTS;9996;2;9995;28;;;10004;2;10005;28;;;10000.0;336.0
0;34400;STARFRUIT;5036;30;;;;;5043;30;;;;;5039.5;38.85546875
0;34500;AMETHYSTS;9996;2;9995;22;;;10004;2;10005;22;;;10000.0;336.0
0;34500;STARFRUIT;5037;24;;;;;5044;24;;;;;5040.5;45.1640625
0;34600;AMETHYSTS;9995;24;;;;;10005;24;;;;;10000.0;336.0
0;34600;STARFRUIT;5037;24;;;;;5044;24;;;;;5040.5;42.265625
0;34700;STARFRUIT;5037;7;5036;25;;;5043;25;;;;;5040.0;39.07421875
0;34700;AMETHYSTS;9996;2;9995;23;;;10004;2;10005;23;;;10000.0;336.0
0;34800;AMETHYSTS;9998;3;9996;2;9995;22;10004;2;10005;22;;;10001.0;336.0
0;34800;STARFRUIT;5036;22;;;;;5037;8;5043;24;;;5036.5;40.53125
0;34900;AMETHYSTS;9995;24;;;;;10005;24;;;;;10000.0;336.0
0;34900;STARFRUIT;5037;24;;;;;5044;24;;;;;5040.5;72.1484375
0;35000;AMETHYSTS;9995;29;;;;;10005;29;;;;;10000.0;336.0
0;35000;STARFRUIT;5037;29;;;;;5044;29;;;;;5040.5;72.4375
0;35100;STARFRUIT;5037;23;;;;;5044;23;;;;;5040.5;70.46875
0;35100;AMETHYSTS;9996;2;9995;21;;;10004;2;10005;21;;;10000.0;336.0
0;35200;AMETHYSTS;9995;24;;;;;10005;24;;;;;10000.0;336.0
0;35200;STARFRUIT;5037;24;;;;;5042;3;5044;24;;;5039.5;74.0625
0;35300;AMETHYSTS;9998;8;9996;1;9995;22;10004;1;10005;22;;;10001.0;336.0
0;35300;STARFRUIT;5038;8;5037;23;;;5044;23;;;;;5041.0;71.8828125
0;35400;AMETHYSTS;10002;1;9996;2;9995;25;10004;2;10005;25;;;10003.0;336.0
0;35400;STARFRUIT;5037;27;;;;;5044;27;;;;;5040.5;78.1171875
0;35500;STARFRUIT;5037;29;;;;;5044;29;;;;;5040.5;71.6953125
0;35500;AMETHYSTS;9996;2;9995;27;;;10004;2;10005;27;;;10000.0;338.0
0;35600;AMETHYSTS;9996;1;9995;23;;;10002;3;10004;1;10005;23;9999.0;338.0
0;35600;STARFRUIT;5038;1;5037;23;;;5044;24;;;;;5041.0;79.171875
0;35700;AMETHYSTS;9996;2;9995;29;;;10002;9;10004;2;10005;29;9999.0;338.0
0;35700;STARFRUIT;5037;31;;;;;5044;31;;;;;5040.5;78.1328125
0;35800;AMETHYSTS;9996;2;9995;21;;;10004;2;10005;21;;;10000.0;338.0
0;35800;STARFRUIT;5037;8;5036;21;;;5043;2;5044;21;;;5040.0;66.0078125
0;35900;STARFRUIT;5036;30;;;;;5043;30;;;;;5039.5;55.3984375
0;35900;AMETHYSTS;9996;2;9995;28;;;10004;2;10005;28;;;10000.0;338.0
0;36000;AMETHYSTS;9995;30;;;;;10000;2;10002;9;10005;30;9997.5;338.0
0;36000;STARFRUIT;5036;30;;;;;5039;2;5041;2;5043;30;5037.5;55.359375
0;36100;AMETHYSTS;9998;7;9996;2;9995;21;10004;2;10005;21;;;10001.0;338.0
0;36100;STARFRUIT;5036;23;;;;;5041;6;5043;23;;;5038.5;57.8203125
0;36200;AMETHYSTS;9998;5;9996;1;9995;29;10004;1;10005;29;;;10001.0;338.0
0;36200;STARFRUIT;5036;1;5035;29;;;5042;30;;;;;5039.0;47.125
0;36300;STARFRUIT;5035;31;;;;;5042;31;;;;;5038.5;45.5703125
0;36300;AMETHYSTS;9996;1;9995;30;;;10004;1;10005;30;;;10000.0;338.0
0;36400;AMETHYSTS;9996;1;9995;28;;;10002;8;10004;1;10005;28;9999.0;338.0
0;36400;STARFRUIT;5036;2;5035;28;;;5042;29;;;;;5039.0;47.453125
0;36500;AMETHYSTS;9996;2;9995;27;;;10004;2;10005;27;;;10000.0;338.0
0;36500;STARFRUIT;5035;28;;;;;5042;29;;;;;5038.5;41.1484375
0;36600;AMETHYSTS;9996;1;9995;30;;;10000;2;10004;1;10005;30;9998.0;338.0
0;36600;STARFRUIT;5035;31;;;;;5038;2;5042;31;;;5036.5;36.46875
0;36700;STARFRUIT;5035;22;;;;;5042;22;;;;;5038.5;40.96875
0;36700;AMETHYSTS;10002;1;9996;1;9995;21;10004;1;10005;21;;;10003.0;338.0
0;36800;AMETHYSTS;9996;2;9995;23;;;10004;2;10005;23;;;10000.0;340.0
0;36800;STARFRUIT;5035;25;;;;;5042;25;;;;;5038.5;46.1328125
0;36900;AMETHYSTS;9998;6;9995;22;;;10005;22;;;;;10001.5;340.0
0;36900;STARFRUIT;5035;22;;;;;5042;22;;;;;5038.5;45.8203125
0;37000;AMETHYSTS;9996;2;9995;20;;;10004;2;10005;20;;;10000.0;340.0
0;37000;STARFRUIT;5036;2;5035;20;;;5042;22;;;;;5039.0;48.359375
0;37100;STARFRUIT;5039;5;5036;24;;;5043;24;;;;;5041.0;53.1640625
0;37100;AMETHYSTS;10000;5;9995;24;;;10005;24;;;;;10002.5;340.0
0;37200;AMETHYSTS;9996;2;9995;27;;;10004;2;10005;27;;;10000.0;340.0
0;37200;STARFRUIT;5037;2;5036;27;;;5043;29;;;;;5040.0;70.03125
0;37300;AMETHYSTS;9996;1;9995;22;;;10004;1;10005;22;;;10000.0;340.0
0;37300;STARFRUIT;5037;23;;;;;5042;4;5044;23;;;5039.5;82.8203125
0;37400;AMETHYSTS;9995;22;;;;;10005;22;;;;;10000.0;340.0
0;37400;STARFRUIT;5038;4;5037;22;;;5044;22;;;;;5041.0;89.34375
0;37500;STARFRUIT;5040;5;5037;31;;;5044;31;;;;;5042.0;87.2265625
0;37500;AMETHYSTS;10000;5;9996;1;9995;30;10004;1;10005;30;;;10002.0;340.0
0;37600;AMETHYSTS;9996;1;9995;24;;;10004;1;10005;24;;;10000.0;340.0
0;37600;STARFRUIT;5037;25;;;;;5042;5;5044;25;;;5039.5;81.96875
0;37700;AMETHYSTS;10002;1;9995;20;;;10005;20;;;;;10003.5;340.0
0;37700;STARFRUIT;5037;20;;;;;5044;20;;;;;5040.5;73.71875
0;37800;AMETHYSTS;9996;2;9995;23;;;10004;2;10005;23;;;10000.0;342.0
0;37800;STARFRUIT;5037;25;;;;;5043;2;5044;23;;;5040.0;75.3984375
0;37900;STARFRUIT;5038;29;;;;;5044;2;5045;27;;;5041.0;93.984375
0;37900;AMETHYSTS;9996;2;9995;27;;;10004;2;10005;27;;;10000.0;342.0
0;38000;AMETHYSTS;9998;3;9995;30;;;10005;30;;;;;10001.5;342.0
0;38000;STARFRUIT;5038;30;;;;;5045;30;;;;;5041.5;98.46875
0;38100;AMETHYSTS;9998;4;9996;1;9995;28;10004;1;10005;28;;;10001.0;342.0
0;38100;STARFRUIT;5038;29;;;;;5043;4;5045;29;;;5040.5;97.296875
0;38200;AMETHYSTS;9998;4;9996;2;9995;29;10004;2;10005;29;;;10001.0;342.0
0;38200;STARFRUIT;5039;2;5038;29;;;5045;31;;;;;5042.0;111.4140625
0;38300;STARFRUIT;5040;5;5039;22;;;5046;22;;;;;5043.0;120.875
0;38300;AMETHYSTS;9995;22;;;;;10005;22;;;;;10000.0;342.0
0;38400;AMETHYSTS;9996;2;9995;29;;;10004;2;10005;29;;;10000.0;342.0
0;38400;STARFRUIT;5039;31;;;;;5040;4;5046;31;;;5039.5;119.21875
0;38500;AMETHYSTS;9996;2;9995;22;;;10004;2;10005;22;;;10000.0;342.0
0;38500;STARFRUIT;5038;24;;;;;5045;24;;;;;5041.5;103.2109375
0;38600;STARFRUIT;5038;31;;;;;5044;2;5045;29;;;5041.0;96.28125
0;38600;AMETHYSTS;10002;1;9996;2;9995;29;10004;2;10005;29;;;10003.0;342.0
0;38700;STARFRUIT;5038;1;5037;20;;;5044;22;;;;;5041.0;88.390625
0;38700;AMETHYSTS;9996;2;9995;20;;;10004;2;10005;20;;;10000.0;344.0
0;38800;STARFRUIT;5038;27;;;;;5043;2;5044;2;5045;25;5040.5;96.2109375
0;38800;AMETHYSTS;9996;2;9995;25;;;10004;2;10005;25;;;10000.0;344.0
0;38900;AMETHYSTS;9996;2;9995;23;;;10004;2;10005;23;;;10000.0;344.0
0;38900;STARFRUIT;5038;25;;;;;5045;25;;;;;5041.5;100.6015625
0;39000;STARFRUIT;5039;1;5038;23;;;5041;3;5044;6;5045;1;5040.0;111.6875
0;39000;AMETHYSTS;9996;1;9995;23;;;10000;3;10004;1;10005;23;9998.0;344.0
0;39100;STARFRUIT;5039;8;5038;30;;;5045;30;;;;;5042.0;107.03125
0;39100;AMETHYSTS;9996;2;9995;28;;;9998;3;10004;2;10005;28;9997.0;344.0
0;39200;STARFRUIT;5039;5;5038;21;;;5041;4;5045;21;;;5040.0;110.0390625
0;39200;AMETHYSTS;9995;21;;;;;10000;4;10005;21;;;9997.5;350.0
0;39300;AMETHYSTS;9995;24;;;;;10005;24;;;;;10000.0;350.0
0;39300;STARFRUIT;5038;24;;;;;5045;24;;;;;5041.5;102.125
0;39400;STARFRUIT;5038;21;;;;;5045;21;;;;;5041.5;95.296875
0;39400;AMETHYSTS;9995;21;;;;;10005;21;;;;;10000.0;350.0
0;39500;STARFRUIT;5038;29;;;;;5043;3;5045;29;;;5040.5;99.5
0;39500;AMETHYSTS;9995;29;;;;;10005;29;;;;;10000.0;350.0
0;39600;STARFRUIT;5038;31;;;;;5045;31;;;;;5041.5;100.5859375
0;39600;AMETHYSTS;9996;1;9995;30;;;10004;1;10005;30;;;10000.0;350.0
0;39700;AMETHYSTS;9996;1;9995;29;;;10000;6;10004;1;10005;29;9998.0;350.0
0;39700;STARFRUIT;5038;29;;;;;5041;6;5045;30;;;5039.5;109.1015625
0;39800;STARFRUIT;5038;24;;;;;5044;2;5045;22;;;5041.0;96.03125
0;39800;AMETHYSTS;9996;2;9995;22;;;9998;1;10004;2;10005;22;9997.0;350.0
0;39900;STARFRUIT;5038;29;;;;;5043;7;5045;29;;;5040.5;98.84375
0;39900;AMETHYSTS;9998;10;9996;1;9995;28;10004;1;10005;28;;;10001.0;352.0
0;40000;STARFRUIT;5037;26;;;;;5044;26;;;;;5040.5;84.375
0;40000;AMETHYSTS;10002;11;9996;1;9995;25;10004;1;10005;25;;;10003.0;352.0
0;40100;AMETHYSTS;9995;30;;;;;10005;30;;;;;10000.0;374.0
0;40100;STARFRUIT;5037;30;;;;;5042;4;5044;30;;;5039.5;82.046875
0;40200;STARFRUIT;5037;25;;;;;5044;25;;;;;5040.5;78.4921875
0;40200;AMETHYSTS;9996;1;9995;24;;;10002;7;10004;1;10005;24;9999.0;374.0
0;40300;STARFRUIT;5037;1;5036;29;;;5043;30;;;;;5040.0;69.90625
0;40300;AMETHYSTS;10002;4;9996;1;9995;29;10004;1;10005;29;;;10003.0;374.0
0;40400;STARFRUIT;5037;25;;;;;5043;2;5044;23;;;5040.0;75.9921875
0;40400;AMETHYSTS;9996;2;9995;23;;;10004;2;10005;23;;;10000.0;382.0
0;40500;AMETHYSTS;9996;1;9995;21;;;10004;1;10005;21;;;10000.0;382.0
0;40500;STARFRUIT;5037;22;;;;;5044;22;;;;;5040.5;78.71875
0;40600;STARFRUIT;5037;28;;;;;5045;28;;;;;5041.0;92.125
0;40600;AMETHYSTS;10002;1;9995;28;;;10005;28;;;;;10003.5;382.0
0;40700;STARFRUIT;5044;1;5039;6;5038;30;5045;30;;;;;5044.5;102.25
0;40700;AMETHYSTS;9998;10;9996;1;9995;29;10004;1;10005;29;;;10001.0;384.0
0;40800;STARFRUIT;5038;21;;;;;5045;21;;;;;5041.5;104.34375
0;40800;AMETHYSTS;9995;21;;;;;10005;21;;;;;10000.0;384.0
0;40900;AMETHYSTS;9998;2;9995;25;;;10005;25;;;;;10001.5;384.0
0;40900;STARFRUIT;5040;3;5039;25;;;5046;25;;;;;5043.0;117.390625
0;41000;STARFRUIT;5039;21;;;;;5042;2;5044;7;5045;1;5040.5;116.4609375
0;41000;AMETHYSTS;9998;10;9996;1;9995;20;10000;2;10004;1;10005;20;9999.0;384.0
0;41100;AMETHYSTS;9996;2;9995;23;;;10004;2;10005;23;;;10000.0;384.0
0;41100;STARFRUIT;5038;25;;;;;5045;25;;;;;5041.5;105.703125
0;41200;AMETHYSTS;9995;20;;;;;10005;20;;;;;10000.0;384.0
0;41200;STARFRUIT;5038;20;;;;;5046;20;;;;;5042.0;111.546875
0;41300;AMETHYSTS;9995;27;;;;;10005;27;;;;;10000.0;384.0
0;41300;STARFRUIT;5039;8;5038;27;;;5045;27;;;;;5042.0;106.0703125
0;41400;STARFRUIT;5039;30;;;;;5046;30;;;;;5042.5;119.859375
0;41400;AMETHYSTS;9996;1;9995;29;;;10004;1;10005;29;;;10000.0;384.0
0;41500;AMETHYSTS;9996;2;9995;29;;;10004;2;10005;29;;;10000.0;384.0
0;41500;STARFRUIT;5039;9;5038;29;;;5045;31;;;;;5042.0;110.7890625
0;41600;AMETHYSTS;9995;26;;;;;10005;26;;;;;10000.0;384.0
0;41600;STARFRUIT;5038;26;;;;;5045;26;;;;;5041.5;107.3515625
0;41700;AMETHYSTS;9995;23;;;;;10005;23;;;;;10000.0;384.0
0;41700;STARFRUIT;5042;2;5038;23;;;5045;23;;;;;5043.5;99.5859375
0;41800;STARFRUIT;5038;21;;;;;5044;1;5045;21;;;5041.0;95.03125
0;41800;AMETHYSTS;9996;1;9995;21;;;10004;1;10005;21;;;10000.0;384.0
0;41900;AMETHYSTS;9995;28;;;;;10002;8;10005;28;;;9998.5;384.0
0;41900;STARFRUIT;5038;28;;;;;5045;28;;;;;5041.5;100.2109375
0;42000;AMETHYSTS;9996;1;9995;27;;;9998;1;10004;1;10005;27;9997.0;384.0
0;42000;STARFRUIT;5038;1;5037;27;;;5044;28;;;;;5041.0;90.828125
0;42100;AMETHYSTS;10002;2;9995;22;;;10005;22;;;;;10003.5;386.0
0;42100;STARFRUIT;5039;7;5038;22;;;5045;22;;;;;5042.0;95.8125
0;42200;STARFRUIT;5038;22;;;;;5045;22;;;;;5041.5;109.8203125
0;42200;AMETHYSTS;9995;22;;;;;10005;22;;;;;10000.0;390.0
0;42300;AMETHYSTS;9996;2;9995;20;;;10004;2;10005;20;;;10000.0;390.0
0;42300;STARFRUIT;5039;22;;;;;5045;2;5046;20;;;5042.0;114.6953125
0;42400;AMETHYSTS;9996;2;9995;26;;;10002;2;10004;2;10005;26;9999.0;390.0
0;42400;STARFRUIT;5038;28;;;;;5045;28;;;;;5041.5;102.109375
0;42500;AMETHYSTS;9995;24;;;;;10005;24;;;;;10000.0;390.0
0;42500;STARFRUIT;5038;24;;;;;5043;2;5045;24;;;5040.5;100.9140625
0;42600;STARFRUIT;5043;1;5038;28;;;5045;28;;;;;5044.0;96.2265625
0;42600;AMETHYSTS;9995;28;;;;;10005;28;;;;;10000.0;390.0
0;42700;AMETHYSTS;9996;1;9995;23;;;10004;1;10005;23;;;10000.0;390.0
0;42700;STARFRUIT;5038;24;;;;;5044;1;5045;23;;;5041.0;95.9140625
0;42800;AMETHYSTS;9995;29;;;;;10000;2;10005;29;;;9997.5;390.0
0;42800;STARFRUIT;5038;29;;;;;5041;2;5045;29;;;5039.5;96.8515625
0;42900;AMETHYSTS;10002;5;9995;20;;;10005;20;;;;;10003.5;390.0
0;42900;STARFRUIT;5038;20;;;;;5045;20;;;;;5041.5;99.171875
0;43000;STARFRUIT;5038;27;;;;;5045;27;;;;;5041.5;98.5546875
0;43000;AMETHYSTS;9996;1;9995;26;;;10002;6;10004;1;10005;26;9999.0;400.0
0;43100;AMETHYSTS;9998;9;9996;1;9995;24;10004;1;10005;24;;;10001.0;400.0
0;43100;STARFRUIT;5038;25;;;;;5045;25;;;;;5041.5;103.7265625
0;43200;AMETHYSTS;9996;2;9995;29;;;10002;5;10004;2;10005;29;9999.0;400.0
0;43200;STARFRUIT;5038;31;;;;;5045;31;;;;;5041.5;100.8203125
0;43300;STARFRUIT;5043;1;5037;20;;;5044;20;;;;;5043.5;85.3125
0;43300;AMETHYSTS;9998;10;9995;20;;;10005;20;;;;;10001.5;400.0
0;43400;AMETHYSTS;9996;2;9995;22;;;10004;2;10005;22;;;10000.0;400.0
0;43400;STARFRUIT;5037;24;;;;;5043;2;5044;22;;;5040.0;76.390625
0;43500;AMETHYSTS;9996;1;9995;24;;;10002;7;10004;1;10005;24;9999.0;400.0
0;43500;STARFRUIT;5037;6;5036;25;;;5043;25;;;;;5040.0;65.2109375
0;43600;AMETHYSTS;9995;22;;;;;10002;5;10005;22;;;9998.5;400.0
0;43600;STARFRUIT;5036;22;;;;;5041;1;5043;22;;;5038.5;64.0234375
0;43700;STARFRUIT;5037;1;5036;29;;;5043;30;;;;;5040.0;67.640625
0;43700;AMETHYSTS;9996;1;9995;29;;;10002;6;10004;1;10005;29;9999.0;400.0
0;43800;AMETHYSTS;9996;1;9995;22;;;10004;1;10005;22;;;10000.0;400.0
0;43800;STARFRUIT;5036;23;;;;;5043;23;;;;;5039.5;65.671875
0;43900;AMETHYSTS;9996;2;9995;24;;;10002;2;10004;2;10005;24;9999.0;400.0
0;43900;STARFRUIT;5037;6;5036;26;;;5043;26;;;;;5040.0;59.8046875
0;44000;AMETHYSTS;10002;4;9998;10;9996;2;10004;2;10005;25;;;10003.0;400.0
0;44000;STARFRUIT;5036;27;;;;;5043;27;;;;;5039.5;58.0859375
0;44100;STARFRUIT;5036;24;;;;;5041;4;5042;2;5043;22;5038.5;55.171875
0;44100;AMETHYSTS;9996;2;9995;22;;;10004;2;10005;22;;;10000.0;408.0
0;44200;AMETHYSTS;9995;24;;;;;10005;24;;;;;10000.0;408.0
0;44200;STARFRUIT;5036;24;;;;;5043;24;;;;;5039.5;63.2421875
0;44300;AMETHYSTS;9996;2;9995;24;;;9998;2;10004;2;10005;24;9997.0;408.0
0;44300;STARFRUIT;5036;26;;;;;5042;2;5043;24;;;5039.0;56.2265625
0;44400;AMETHYSTS;9996;1;9995;25;;;10002;7;10004;1;10005;25;9999.0;412.0
0;44400;STARFRUIT;5037;1;5036;26;;;5043;26;;;;;5040.0;58.28125
0;44500;STARFRUIT;5036;30;;;;;5043;30;;;;;5039.5;57.953125
0;44500;AMETHYSTS;9995;30;;;;;10005;30;;;;;10000.0;412.0
0;44600;AMETHYSTS;9996;1;9995;21;;;10004;1;10005;21;;;10000.0;412.0
0;44600;STARFRUIT;5037;22;;;;;5043;1;5044;21;;;5040.0;72.8125
0;44700;AMETHYSTS;9996;2;9995;25;;;10004;2;10005;25;;;10000.0;412.0
0;44700;STARFRUIT;5037;27;;;;;5042;6;5044;27;;;5039.5;79.59375
0;44800;AMETHYSTS;9995;25;;;;;10005;25;;;;;10000.0;412.0
0;44800;STARFRUIT;5037;25;;;;;5042;3;5044;25;;;5039.5;72.9453125
0;44900;STARFRUIT;5037;2;5036;21;;;5043;23;;;;;5040.0;70.578125
0;44900;AMETHYSTS;9996;2;9995;21;;;10004;2;10005;21;;;10000.0;412.0
0;45000;AMETHYSTS;9996;1;9995;27;;;10004;1;10005;27;;;10000.0;412.0
0;45000;STARFRUIT;5036;28;;;;;5037;1;5043;28;;;5036.5;63.6328125
0;45100;AMETHYSTS;9995;27;;;;;9998;1;10005;27;;;9996.5;412.0
0;45100;STARFRUIT;5036;27;;;;;5043;27;;;;;5039.5;68.640625
0;45200;AMETHYSTS;10002;1;9996;1;9995;20;10004;1;10005;20;;;10003.0;414.0
0;45200;STARFRUIT;5036;20;;;;;5043;1;5044;20;;;5039.5;71.6171875
0;45300;STARFRUIT;5037;22;;;;;5044;23;;;;;5040.5;80.4375
0;45300;AMETHYSTS;9995;23;;;;;10005;23;;;;;10000.0;416.0
0;45400;AMETHYSTS;9998;4;9995;25;;;10005;25;;;;;10001.5;416.0
0;45400;STARFRUIT;5037;25;;;;;5044;25;;;;;5040.5;84.5703125
0;45500;AMETHYSTS;9996;1;9995;20;;;9998;3;10004;1;10005;20;9997.0;416.0
0;45500;STARFRUIT;5036;21;;;;;5037;3;5043;21;;;5036.5;57.7421875
0;45600;AMETHYSTS;9996;1;9995;23;;;10004;1;10005;23;;;10000.0;422.0
0;45600;STARFRUIT;5037;1;5036;23;;;5041;6;5043;24;;;5039.0;67.4609375
0;45700;STARFRUIT;5037;2;5036;21;;;5043;23;;;;;5040.0;68.5
0;45700;AMETHYSTS;10002;1;9996;2;9995;21;10004;2;10005;21;;;10003.0;422.0
0;45800;AMETHYSTS;10000;5;9998;7;9996;2;10004;2;10005;30;;;10002.0;424.0
0;45800;STARFRUIT;5040;5;5037;32;;;5044;32;;;;;5042.0;80.359375
0;45900;AMETHYSTS;9998;8;9996;1;9995;25;10004;1;10005;25;;;10001.0;424.0
0;45900;STARFRUIT;5037;25;;;;;5044;26;;;;;5040.5;91.5
0;46000;AMETHYSTS;9995;23;;;;;9998;1;10005;23;;;9996.5;424.0
0;46000;STARFRUIT;5037;23;;;;;5044;23;;;;;5040.5;86.640625
0;46100;STARFRUIT;5039;4;5038;25;;;5045;25;;;;;5042.0;96.03125
0;46100;AMETHYSTS;9995;25;;;;;10005;25;;;;;10000.0;426.0
0;46200;AMETHYSTS;9995;24;;;;;10005;24;;;;;10000.0;426.0
0;46200;STARFRUIT;5039;4;5038;24;;;5045;24;;;;;5042.0;97.4765625
0;46300;AMETHYSTS;9996;2;9995;26;;;10004;2;10005;26;;;10000.0;426.0
0;46300;STARFRUIT;5039;2;5038;26;;;5045;28;;;;;5042.0;110.921875
0;46400;AMETHYSTS;9995;24;;;;;10005;24;;;;;10000.0;426.0
0;46400;STARFRUIT;5044;1;5038;24;;;5045;24;;;;;5044.5;105.921875
0;46500;STARFRUIT;5042;2;5038;30;;;5045;30;;;;;5043.5;98.75
0;46500;AMETHYSTS;9996;1;9995;29;;;9998;1;10004;1;10005;29;9997.0;426.0
0;46600;AMETHYSTS;9998;1;9995;28;;;10005;28;;;;;10001.5;428.0
0;46600;STARFRUIT;5044;1;5040;4;5039;28;5046;28;;;;;5045.0;113.8671875
0;46700;AMETHYSTS;9996;1;9995;29;;;10004;1;10005;29;;;10000.0;428.0
0;46700;STARFRUIT;5038;30;;;;;5045;30;;;;;5041.5;105.3984375
0;46800;AMETHYSTS;9995;25;;;;;10005;25;;;;;10000.0;428.0
0;46800;STARFRUIT;5038;25;;;;;5045;25;;;;;5041.5;108.515625
0;46900;STARFRUIT;5039;30;;;;;5040;10;5045;1;5046;29;5039.5;114.4140625
0;46900;AMETHYSTS;9996;1;9995;29;;;10002;3;10004;1;10005;29;9999.0;428.0
0;47000;AMETHYSTS;9996;1;9995;22;;;10004;1;10005;22;;;10000.0;428.0
0;47000;STARFRUIT;5039;23;;;;;5045;1;5046;22;;;5042.0;115.953125
0;47100;AMETHYSTS;9995;22;;;;;9998;1;10005;22;;;9996.5;428.0
0;47100;STARFRUIT;5039;22;;;;;5046;22;;;;;5042.5;121.1875
0;47200;AMETHYSTS;9996;2;9995;21;;;10004;2;10005;21;;;10000.0;430.0
0;47200;STARFRUIT;5044;1;5039;23;;;5046;23;;;;;5045.0;116.78125
0;47300;STARFRUIT;5040;5;5039;21;;;5046;21;;;;;5043.0;118.59375
0;47300;AMETHYSTS;9995;21;;;;;10005;21;;;;;10000.0;430.0
0;47400;AMETHYSTS;9998;7;9995;22;;;10005;22;;;;;10001.5;430.0
0;47400;STARFRUIT;5043;5;5038;22;;;5045;22;;;;;5044.0;96.9921875
0;47500;AMETHYSTS;9996;1;9995;21;;;9998;1;10004;1;10005;21;9997.0;430.0
0;47500;STARFRUIT;5037;22;;;;;5042;5;5044;22;;;5039.5;86.203125
0;47600;STARFRUIT;5037;21;;;;;5044;21;;;;;5040.5;84.15625
0;47600;AMETHYSTS;9998;5;9995;21;;;10005;21;;;;;10001.5;432.0
0;47700;STARFRUIT;5037;23;;;;;5042;4;5044;23;;;5039.5;84.5703125
0;47700;AMETHYSTS;9998;1;9995;23;;;10005;23;;;;;10001.5;432.0
0;47800;STARFRUIT;5038;20;;;;;5043;7;5045;20;;;5040.5;92.96875
0;47800;AMETHYSTS;9995;20;;;;;10005;20;;;;;10000.0;432.0
0;47900;AMETHYSTS;9995;23;;;;;10005;23;;;;;10000.0;432.0
0;47900;STARFRUIT;5037;23;;;;;5044;23;;;;;5040.5;73.34375
0;48000;STARFRUIT;5037;27;;;;;5044;27;;;;;5040.5;78.234375
0;48000;AMETHYSTS;10002;2;9996;1;9995;26;10004;1;10005;26;;;10003.0;432.0
0;48100;STARFRUIT;5037;30;;;;;5042;1;5044;30;;;5039.5;79.75
0;48100;AMETHYSTS;9996;1;9995;29;;;10004;1;10005;29;;;10000.0;436.0
0;48200;STARFRUIT;5038;2;5037;26;;;5044;27;;;;;5041.0;90.4765625
0;48200;AMETHYSTS;9996;1;9995;26;;;10004;1;10005;26;;;10000.0;436.0
0;48300;AMETHYSTS;9998;4;9996;1;9995;20;10004;1;10005;20;;;10001.0;436.0
0;48300;STARFRUIT;5037;21;;;;;5038;4;5044;21;;;5037.5;82.2265625
0;48400;STARFRUIT;5037;32;;;;;5042;6;5044;32;;;5039.5;84.3828125
0;48400;AMETHYSTS;9996;2;9995;30;;;10004;2;10005;30;;;10000.0;436.0
0;48500;STARFRUIT;5037;29;;;;;5044;29;;;;;5040.5;77.9375
0;48500;AMETHYSTS;9995;29;;;;;10005;29;;;;;10000.0;436.0
0;48600;STARFRUIT;5037;1;5036;26;;;5043;1;5044;26;;;5040.0;71.8515625
0;48600;AMETHYSTS;9996;1;9995;26;;;10004;1;10005;26;;;10000.0;436.0
0;48700;AMETHYSTS;9996;1;9995;22;;;10000;2;10004;1;10005;22;9998.0;436.0
0;48700;STARFRUIT;5036;23;;;;;5039;2;5043;23;;;5037.5;67.421875
0;48800;STARFRUIT;5036;29;;;;;5043;29;;;;;5039.5;65.6796875
0;48800;AMETHYSTS;9996;1;9995;28;;;10004;1;10005;28;;;10000.0;436.0
0;48900;STARFRUIT;5036;21;;;;;5043;22;;;;;5039.5;58.0078125
0;48900;AMETHYSTS;9995;22;;;;;10005;22;;;;;10000.0;436.0
0;49000;STARFRUIT;5035;29;;;;;5042;29;;;;;5038.5;42.671875
0;49000;AMETHYSTS;9996;1;9995;28;;;10004;1;10005;28;;;10000.0;436.0
0;49100;AMETHYSTS;9995;30;;;;;10005;30;;;;;10000.0;436.0
0;49100;STARFRUIT;5035;30;;;;;5042;30;;;;;5038.5;39.6640625
0;49200;STARFRUIT;5034;26;;;;;5041;26;;;;;5037.5;21.78125
0;49200;AMETHYSTS;10002;3;9996;1;9995;25;10004;1;10005;25;;;10003.0;436.0
0;49300;STARFRUIT;5035;6;5034;29;;;5041;29;;;;;5038.0;28.6796875
0;49300;AMETHYSTS;9998;3;9995;29;;;10005;29;;;;;10001.5;442.0
0;49400;STARFRUIT;5035;23;;;;;5042;23;;;;;5038.5;40.8671875
0;49400;AMETHYSTS;9996;1;9995;22;;;10004;1;10005;22;;;10000.0;442.0
0;49500;AMETHYSTS;9996;1;9995;24;;;10004;1;10005;24;;;10000.0;442.0
0;49500;STARFRUIT;5035;25;;;;;5041;1;5042;24;;;5038.0;33.2578125
0;49600;STARFRUIT;5036;2;5035;28;;;5038;3;5042;30;;;5037.0;48.40625
0;49600;AMETHYSTS;9996;2;9995;28;;;10000;3;10002;9;10004;2;9998.0;442.0
0;49700;STARFRUIT;5041;1;5036;6;5035;21;5042;21;;;;;5041.5;49.8125
0;49700;AMETHYSTS;9995;21;;;;;10005;21;;;;;10000.0;442.0
0;49800;AMETHYSTS;9995;20;;;;;10002;7;10005;20;;;9998.5;442.0
0;49800;STARFRUIT;5036;20;;;;;5037;1;5043;20;;;5036.5;64.3828125
0;49900;AMETHYSTS;9996;1;9995;23;;;10004;1;10005;23;;;10000.0;442.0
0;49900;STARFRUIT;5038;5;5037;24;;;5044;24;;;;;5041.0;81.0
0;50000;STARFRUIT;5037;26;;;;;5044;26;;;;;5040.5;84.328125
0;50000;AMETHYSTS;9996;2;9995;24;;;10002;5;10004;2;10005;24;9999.0;442.0
0;50100;AMETHYSTS;10002;4;9996;2;9995;22;10004;2;10005;22;;;10003.0;442.0
0;50100;STARFRUIT;5037;24;;;;;5043;2;5044;22;;;5040.0;76.359375
0;50200;AMETHYSTS;9996;1;9995;28;;;10004;1;10005;28;;;10000.0;450.0
0;50200;STARFRUIT;5036;29;;;;;5043;29;;;;;5039.5;64.1796875
0;50300;AMETHYSTS;9995;23;;;;;10005;23;;;;;10000.0;450.0
0;50300;STARFRUIT;5036;23;;;;;5041;4;5043;23;;;5038.5;70.3515625
0;50400;STARFRUIT;5037;2;5036;23;;;5038;3;5043;23;;;5037.5;66.7578125
0;50400;AMETHYSTS;9996;2;9995;21;;;10004;2;10005;21;;;10000.0;450.0
0;50500;AMETHYSTS;10000;4;9998;7;9996;1;10004;1;10005;27;;;10002.0;450.0
0;50500;STARFRUIT;5039;4;5036;28;;;5043;28;;;;;5041.0;62.734375
0;50600;AMETHYSTS;9998;7;9996;2;9995;22;10000;5;10004;2;10005;22;9999.0;450.0
0;50600;STARFRUIT;5036;24;;;;;5039;4;5043;24;;;5037.5;60.90625
0;50700;AMETHYSTS;9998;9;9995;20;;;10005;20;;;;;10001.5;450.0
0;50700;STARFRUIT;5036;20;;;;;5043;20;;;;;5039.5;59.671875
0;50800;STARFRUIT;5037;2;5036;26;;;5043;28;;;;;5040.0;67.9296875
0;50800;AMETHYSTS;9998;7;9996;2;9995;26;10004;2;10005;26;;;10001.0;450.0
0;50900;AMETHYSTS;9998;2;9995;30;;;10000;5;10005;30;;;9999.0;450.0
0;50900;STARFRUIT;5036;30;;;;;5037;1;5039;5;5043;30;5036.5;69.859375
0;51000;AMETHYSTS;9996;2;9995;23;;;10004;2;10005;23;;;10000.0;450.0
0;51000;STARFRUIT;5037;25;;;;;5043;2;5044;23;;;5040.0;72.84375
0;51100;AMETHYSTS;9995;29;;;;;10002;1;10005;29;;;9998.5;450.0
0;51100;STARFRUIT;5038;3;5037;29;;;5044;29;;;;;5041.0;86.5
0;51200;STARFRUIT;5037;30;;;;;5044;30;;;;;5040.5;85.796875
0;51200;AMETHYSTS;9995;30;;;;;10005;30;;;;;10000.0;450.0
0;51300;AMETHYSTS;9996;2;9995;23;;;9998;5;10002;5;10004;2;9997.0;450.0
0;51300;STARFRUIT;5038;2;5037;23;;;5044;25;;;;;5041.0;88.328125
0;51400;AMETHYSTS;9996;1;9995;22;;;10004;1;10005;22;;;10000.0;460.0
0;51400;STARFRUIT;5037;23;;;;;5042;5;5044;23;;;5039.5;80.8125
0;51500;AMETHYSTS;9995;21;;;;;10005;21;;;;;10000.0;460.0
0;51500;STARFRUIT;5037;21;;;;;5044;21;;;;;5040.5;86.015625
0;51600;STARFRUIT;5042;3;5038;2;5037;21;5044;23;;;;;5043.0;87.6953125
0;51600;AMETHYSTS;9996;2;9995;21;;;10002;5;10004;2;10005;21;9999.0;460.0
0;51700;AMETHYSTS;9996;2;9995;30;;;10004;2;10005;30;;;10000.0;460.0
0;51700;STARFRUIT;5038;2;5037;30;;;5044;32;;;;;5041.0;87.7421875
0;51800;AMETHYSTS;9995;25;;;;;10005;25;;;;;10000.0;460.0
0;51800;STARFRUIT;5037;25;;;;;5044;25;;;;;5040.5;83.8359375
0;51900;AMETHYSTS;9996;2;9995;26;;;10004;2;10005;26;;;10000.0;460.0
0;51900;STARFRUIT;5037;28;;;;;5044;28;;;;;5040.5;77.328125
0;52000;AMETHYSTS;9998;2;9995;21;;;10000;5;10005;21;;;9999.0;460.0
0;52000;STARFRUIT;5038;5;5037;21;;;5040;5;5044;21;;;5039.0;82.9296875
0;52100;AMETHYSTS;9996;1;9995;27;;;10004;1;10005;27;;;10000.0;460.0
0;52100;STARFRUIT;5038;1;5037;27;;;5044;28;;;;;5041.0;88.3359375
0;52200;AMETHYSTS;9995;23;;;;;10005;23;;;;;10000.0;460.0
0;52200;STARFRUIT;5037;22;;;;;5044;23;;;;;5040.5;81.7265625
0;52300;STARFRUIT;5037;30;;;;;5044;30;;;;;5040.5;86.90625
0;52300;AMETHYSTS;9995;30;;;;;10005;30;;;;;10000.0;460.0
0;52400;AMETHYSTS;10002;3;9996;1;9995;20;10004;1;10005;20;;;10003.0;460.0
0;52400;STARFRUIT;5038;1;5037;21;;;5040;4;5044;21;;;5039.0;86.2890625
0;52500;AMETHYSTS;9996;2;9995;25;;;10004;2;10005;25;;;10000.0;466.0
0;52500;STARFRUIT;5037;27;;;;;5043;2;5044;25;;;5040.0;75.0390625
0;52600;AMETHYSTS;9996;1;9995;30;;;10004;1;10005;30;;;10000.0;466.0
0;52600;STARFRUIT;5037;31;;;;;5043;1;5044;30;;;5040.0;72.6953125
0;52700;STARFRUIT;5042;1;5037;25;;;5043;1;5044;24;;;5042.5;73.734375
0;52700;AMETHYSTS;9996;1;9995;24;;;10002;9;10004;1;10005;24;9999.0;466.0
0;52800;AMETHYSTS;9996;2;9995;26;;;10004;2;10005;26;;;10000.0;466.0
0;52800;STARFRUIT;5042;1;5037;28;;;5044;28;;;;;5043.0;76.6796875
0;52900;AMETHYSTS;9996;1;9995;26;;;10002;3;10004;1;10005;26;9999.0;466.0
0;52900;STARFRUIT;5036;27;;;;;5043;27;;;;;5039.5;61.578125
0;53000;AMETHYSTS;9996;1;9995;29;;;10004;1;10005;29;;;10000.0;466.0
0;53000;STARFRUIT;5036;1;5035;29;;;5042;30;;;;;5039.0;48.546875
0;53100;STARFRUIT;5036;2;5035;21;;;5042;2;5043;21;;;5039.0;51.953125
0;53100;AMETHYSTS;9996;2;9995;21;;;9998;5;10004;2;10005;21;9997.0;466.0
0;53200;AMETHYSTS;9995;23;;;;;10005;23;;;;;10000.0;476.0
0;53200;STARFRUIT;5041;1;5036;23;;;5043;23;;;;;5042.0;60.4375
0;53300;AMETHYSTS;9995;20;;;;;10005;20;;;;;10000.0;476.0
0;53300;STARFRUIT;5036;20;;;;;5043;20;;;;;5039.5;54.1796875
0;53400;AMETHYSTS;9996;2;9995;30;;;9998;1;10004;2;10005;30;9997.0;476.0
0;53400;STARFRUIT;5038;7;5037;32;;;5044;32;;;;;5041.0;78.4140625
0;53500;STARFRUIT;5037;25;;;;;5042;2;5044;25;;;5039.5;82.25
0;53500;AMETHYSTS;9995;25;;;;;10002;7;10005;25;;;9998.5;478.0
0;53600;AMETHYSTS;9998;2;9996;1;9995;22;10004;1;10005;22;;;10001.0;478.0
0;53600;STARFRUIT;5037;23;;;;;5044;23;;;;;5040.5;85.109375
0;53700;AMETHYSTS;9995;23;;;;;10005;23;;;;;10000.0;478.0
0;53700;STARFRUIT;5038;1;5037;23;;;5044;23;;;;;5041.0;83.15625
0;53800;AMETHYSTS;9998;8;9995;29;;;10005;29;;;;;10001.5;478.0
0;53800;STARFRUIT;5037;29;;;;;5044;29;;;;;5040.5;76.796875
0;53900;STARFRUIT;5038;1;5037;25;;;5040;4;5044;26;;;5039.0;88.4921875
0;53900;AMETHYSTS;9996;1;9995;25;;;10000;4;10002;8;10004;1;9998.0;478.0
0;54000;AMETHYSTS;9996;1;9995;21;;;10002;1;10004;1;10005;21;9999.0;478.0
0;54000;STARFRUIT;5038;7;5037;22;;;5044;22;;;;;5041.0;82.015625
0;54100;AMETHYSTS;9996;1;9995;21;;;10004;1;10005;21;;;10000.0;478.0
0;54100;STARFRUIT;5038;4;5037;22;;;5043;1;5044;21;;;5040.5;73.7109375
0;54200;AMETHYSTS;9996;1;9995;20;;;10004;1;10005;20;;;10000.0;478.0
0;54200;STARFRUIT;5037;20;;;;;5043;1;5044;20;;;5040.0;73.25
0;54300;STARFRUIT;5037;28;;;;;5043;2;5044;26;;;5040.0;73.3359375
0;54300;AMETHYSTS;10002;1;9996;2;9995;26;10004;2;10005;26;;;10003.0;478.0
0;54400;AMETHYSTS;9995;22;;;;;10005;22;;;;;10000.0;480.0
0;54400;STARFRUIT;5037;22;;;;;5044;22;;;;;5040.5;89.828125
0;54500;AMETHYSTS;9996;2;9995;27;;;10002;2;10004;2;10005;27;9999.0;480.0
0;54500;STARFRUIT;5038;29;;;;;5045;29;;;;;5041.5;96.7734375
0;54600;AMETHYSTS;10002;2;9996;1;9995;29;10004;1;10005;29;;;10003.0;480.0
0;54600;STARFRUIT;5038;30;;;;;5045;30;;;;;5041.5;101.0546875
0;54700;STARFRUIT;5038;1;5037;22;;;5044;1;5045;22;;;5041.0;91.859375
0;54700;AMETHYSTS;9996;1;9995;22;;;10004;1;10005;22;;;10000.0;484.0
0;54800;AMETHYSTS;9996;2;9995;23;;;10004;2;10005;23;;;10000.0;484.0
0;54800;STARFRUIT;5039;9;5038;23;;;5045;25;;;;;5042.0;107.515625
0;54900;AMETHYSTS;9996;2;9995;22;;;10004;2;10005;22;;;10000.0;484.0
0;54900;STARFRUIT;5038;24;;;;;5043;1;5045;24;;;5040.5;104.3359375
0;55000;AMETHYSTS;9996;2;9995;20;;;10004;2;10005;20;;;10000.0;484.0
0;55000;STARFRUIT;5039;2;5038;20;;;5043;7;5045;22;;;5041.0;108.40625
0;55100;STARFRUIT;5039;26;;;;;5045;2;5046;24;;;5042.0;113.53125
0;55100;AMETHYSTS;9996;2;9995;24;;;10004;2;10005;24;;;10000.0;484.0
0;55200;AMETHYSTS;9998;8;9996;1;9995;25;10004;1;10005;25;;;10001.0;484.0
0;55200;STARFRUIT;5038;25;;;;;5045;26;;;;;5041.5;109.21875
0;55300;AMETHYSTS;9995;22;;;;;10002;5;10005;22;;;9998.5;484.0
0;55300;STARFRUIT;5039;22;;;;;5044;3;5046;22;;;5041.5;114.4296875
0;55400;AMETHYSTS;9998;7;9996;1;9995;27;10004;1;10005;27;;;10001.0;484.0
0;55400;STARFRUIT;5039;6;5038;27;;;5045;28;;;;;5042.0;110.84375
0;55500;STARFRUIT;5039;2;5038;22;;;5043;2;5045;24;;;5041.0;108.640625
0;55500;AMETHYSTS;9996;2;9995;22;;;10004;2;10005;22;;;10000.0;484.0
0;55600;AMETHYSTS;9995;23;;;;;10002;9;10005;23;;;9998.5;484.0
0;55600;STARFRUIT;5038;23;;;;;5045;23;;;;;5041.5;108.6796875
0;55700;AMETHYSTS;9996;1;9995;21;;;10002;7;10004;1;10005;21;9999.0;484.0
0;55700;STARFRUIT;5038;22;;;;;5045;22;;;;;5041.5;104.125
0;55800;AMETHYSTS;9996;1;9995;25;;;10004;1;10005;25;;;10000.0;484.0
0;55800;STARFRUIT;5039;8;5038;26;;;5045;26;;;;;5042.0;106.109375
0;55900;STARFRUIT;5041;4;5038;20;;;5045;20;;;;;5043.0;102.78125
0;55900;AMETHYSTS;9995;20;;;;;10005;20;;;;;10000.0;484.0
0;56000;AMETHYSTS;10000;2;9996;1;9995;24;10002;6;10004;1;10005;24;10001.0;484.0
0;56000;STARFRUIT;5041;2;5038;25;;;5043;7;5045;25;;;5042.0;102.6640625
0;56100;AMETHYSTS;9996;1;9995;27;;;9998;1;10002;3;10004;1;9997.0;484.0
0;56100;STARFRUIT;5038;28;;;;;5044;1;5045;27;;;5041.0;93.265625
0;56200;AMETHYSTS;9996;1;9995;30;;;10000;4;10004;1;10005;30;9998.0;486.0
0;56200;STARFRUIT;5038;31;;;;;5041;4;5044;1;5045;30;5039.5;95.1640625
0;56300;STARFRUIT;5038;28;;;;;5045;28;;;;;5041.5;95.9765625
0;56300;AMETHYSTS;9995;28;;;;;10005;28;;;;;10000.0;486.0
0;56400;STARFRUIT;5038;29;;;;;5045;29;;;;;5041.5;96.6015625
0;56400;AMETHYSTS;9996;2;9995;27;;;10004;2;10005;27;;;10000.0;486.0
0;56500;AMETHYSTS;9995;21;;;;;10002;9;10005;21;;;9998.5;486.0
0;56500;STARFRUIT;5038;21;;;;;5045;21;;;;;5041.5;100.1953125
0;56600;STARFRUIT;5038;2;5037;28;;;5043;3;5044;2;5045;28;5040.5;91.8046875
0;56600;AMETHYSTS;9996;2;9995;28;;;10002;2;10004;2;10005;28;9999.0;486.0
0;56700;STARFRUIT;5038;2;5037;27;;;5039;4;5044;27;;;5038.5;89.8828125
0;56700;AMETHYSTS;9998;5;9995;27;;;10005;27;;;;;10001.5;486.0
0;56800;STARFRUIT;5038;8;5037;23;;;5044;23;;;;;5041.0;84.765625
0;56800;AMETHYSTS;9995;23;;;;;10005;23;;;;;10000.0;486.0
0;56900;AMETHYSTS;9996;1;9995;20;;;10004;1;10005;20;;;10000.0;486.0
0;56900;STARFRUIT;5037;21;;;;;5044;21;;;;;5040.5;79.9375
0;57000;STARFRUIT;5037;22;;;;;5044;22;;;;;5040.5;86.3828125
0;57000;AMETHYSTS;9996;2;9995;20;;;10002;10;10004;2;10005;20;9999.0;486.0
0;57100;STARFRUIT;5043;1;5037;24;;;5045;24;;;;;5044.0;92.3203125
0;57100;AMETHYSTS;9998;6;9995;24;;;10005;24;;;;;10001.5;486.0
0;57200;STARFRUIT;5038;1;5037;25;;;5044;26;;;;;5041.0;88.1796875
0;57200;AMETHYSTS;9998;5;9996;1;9995;25;10004;1;10005;25;;;10001.0;486.0
0;57300;AMETHYSTS;9996;1;9995;30;;;10004;1;10005;30;;;10000.0;486.0
0;57300;STARFRUIT;5038;31;;;;;5043;1;5044;1;5045;30;5040.5;95.6796875
0;57400;STARFRUIT;5038;28;;;;;5044;1;5045;27;;;5041.0;96.21875
0;57400;AMETHYSTS;9996;1;9995;27;;;10004;1;10005;27;;;10000.0;486.0
0;57500;STARFRUIT;5038;2;5037;21;;;5044;21;;;;;5041.0;91.046875
0;57500;AMETHYSTS;9995;21;;;;;10005;21;;;;;10000.0;486.0
0;57600;STARFRUIT;5040;5;5038;2;5037;20;5044;22;;;;;5042.0;89.8984375
0;57600;AMETHYSTS;10000;4;9996;2;9995;20;10004;2;10005;20;;;10002.0;486.0
0;57700;AMETHYSTS;9998;2;9996;1;9995;21;10004;1;10005;21;;;10001.0;486.0
0;57700;STARFRUIT;5037;22;;;;;5044;22;;;;;5040.5;79.5390625
0;57800;STARFRUIT;5038;7;5037;28;;;5044;28;;;;;5041.0;84.1484375
0;57800;AMETHYSTS;9996;2;9995;26;;;10002;4;10004;2;10005;26;9999.0;486.0
0;57900;STARFRUIT;5037;2;5036;26;;;5038;5;5043;28;;;5037.5;70.984375
0;57900;AMETHYSTS;9996;2;9995;26;;;10004;2;10005;26;;;10000.0;486.0
0;58000;STARFRUIT;5037;28;;;;;5044;28;;;;;5040.5;76.71875
0;58000;AMETHYSTS;9995;28;;;;;10005;28;;;;;10000.0;486.0
0;58100;AMETHYSTS;9998;7;9995;20;;;10005;20;;;;;10001.5;486.0
0;58100;STARFRUIT;5037;20;;;;;5044;20;;;;;5040.5;80.484375
0;58200;STARFRUIT;5037;29;;;;;5043;2;5044;27;;;5040.0;74.8984375
0;58200;AMETHYSTS;9996;2;9995;27;;;10004;2;10005;27;;;10000.0;486.0
0;58300;STARFRUIT;5037;2;5036;28;;;5043;30;;;;;5040.0;69.828125
0;58300;AMETHYSTS;9996;2;9995;28;;;10004;2;10005;28;;;10000.0;486.0
0;58400;STARFRUIT;5037;25;;;;;5044;25;;;;;5040.5;75.3671875
0;58400;AMETHYSTS;9995;25;;;;;10005;25;;;;;10000.0;486.0
0;58500;AMETHYSTS;9998;3;9996;2;9995;20;10004;2;10005;20;;;10001.0;486.0
0;58500;STARFRUIT;5038;2;5037;20;;;5042;2;5044;22;;;5040.0;87.921875
0;58600;STARFRUIT;5038;23;;;;;5045;23;;;;;5041.5;99.046875
0;58600;AMETHYSTS;9996;1;9995;22;;;10004;1;10005;22;;;10000.0;486.0
0;58700;AMETHYSTS;9996;1;9995;29;;;9998;1;10000;4;10004;1;9997.0;486.0
0;58700;STARFRUIT;5038;30;;;;;5041;4;5044;1;5045;29;5039.5;95.7890625
0;58800;AMETHYSTS;9996;1;9995;30;;;10004;1;10005;30;;;10000.0;488.0
0;58800;STARFRUIT;5038;1;5037;30;;;5042;5;5044;31;;;5040.0;89.296875
0;58900;AMETHYSTS;9996;2;9995;23;;;10004;2;10005;23;;;10000.0;488.0
0;58900;STARFRUIT;5043;1;5037;25;;;5044;25;;;;;5043.5;85.21875
0;59000;STARFRUIT;5038;1;5037;23;;;5044;1;5045;23;;;5041.0;91.5234375
0;59000;AMETHYSTS;9996;1;9995;23;;;10004;1;10005;23;;;10000.0;488.0
0;59100;AMETHYSTS;9998;7;9996;1;9995;20;10004;1;10005;20;;;10001.0;488.0
0;59100;STARFRUIT;5038;1;5037;20;;;5044;21;;;;;5041.0;89.96875
0;59200;AMETHYSTS;10002;1;9996;2;9995;23;10004;2;10005;23;;;10003.0;488.0
0;59200;STARFRUIT;5042;10;5038;10;5037;23;5044;25;;;;;5043.0;87.84375
0;59300;AMETHYSTS;9998;5;9995;22;;;10005;22;;;;;10001.5;490.0
0;59300;STARFRUIT;5036;22;;;;;5044;22;;;;;5040.0;72.0078125
0;59400;STARFRUIT;5036;23;;;;;5043;23;;;;;5039.5;66.8515625
0;59400;AMETHYSTS;10002;1;9995;23;;;10005;23;;;;;10003.5;490.0
0;59500;AMETHYSTS;9996;2;9995;22;;;10004;2;10005;22;;;10000.0;492.0
0;59500;STARFRUIT;5037;2;5036;22;;;5043;2;5044;22;;;5040.0;71.9609375
0;59600;AMETHYSTS;10002;1;9996;1;9995;24;10004;1;10005;24;;;10003.0;492.0
0;59600;STARFRUIT;5037;25;;;;;5044;25;;;;;5040.5;79.53125
0;59700;AMETHYSTS;9996;1;9995;25;;;10004;1;10005;25;;;10000.0;494.0
0;59700;STARFRUIT;5044;1;5038;26;;;5045;26;;;;;5044.5;103.0234375
0;59800;STARFRUIT;5038;24;;;;;5045;24;;;;;5041.5;104.4140625
0;59800;AMETHYSTS;9998;9;9996;2;9995;22;10004;2;10005;22;;;10001.0;494.0
0;59900;AMETHYSTS;9996;2;9995;23;;;10004;2;10005;23;;;10000.0;494.0
0;59900;STARFRUIT;5038;2;5037;23;;;5042;4;5044;25;;;5040.0;88.8046875
0;60000;AMETHYSTS;9996;1;9995;25;;;9998;3;10002;10;10004;1;9997.0;494.0
0;60000;STARFRUIT;5038;5;5037;26;;;5044;26;;;;;5041.0;86.875
0;60100;AMETHYSTS;9996;1;9995;27;;;10004;1;10005;27;;;10000.0;500.0
0;60100;STARFRUIT;5037;28;;;;;5044;28;;;;;5040.5;83.0546875
0;60200;STARFRUIT;5037;26;;;;;5044;26;;;;;5040.5;82.0078125
0;60200;AMETHYSTS;9996;1;9995;25;;;10004;1;10005;25;;;10000.0;500.0
0;60300;AMETHYSTS;9998;3;9996;1;9995;23;10004;1;10005;23;;;10001.0;500.0
0;60300;STARFRUIT;5037;24;;;;;5044;24;;;;;5040.5;81.0
0;60400;AMETHYSTS;9996;2;9995;22;;;9998;1;10004;2;10005;22;9997.0;500.0
0;60400;STARFRUIT;5037;24;;;;;5043;2;5044;22;;;5040.0;74.3359375
0;60500;AMETHYSTS;9995;25;;;;;10000;2;10005;25;;;9997.5;502.0
0;60500;STARFRUIT;5037;25;;;;;5040;2;5044;25;;;5038.5;73.796875
0;60600;STARFRUIT;5037;21;;;;;5043;1;5044;21;;;5040.0;76.34375
0;60600;AMETHYSTS;9996;1;9995;21;;;10004;1;10005;21;;;10000.0;502.0
0;60700;AMETHYSTS;9998;10;9995;24;;;10005;24;;;;;10001.5;502.0
0;60700;STARFRUIT;5042;9;5037;24;;;5044;24;;;;;5043.0;82.8671875
0;60800;AMETHYSTS;9996;2;9995;26;;;10004;2;10005;26;;;10000.0;502.0
0;60800;STARFRUIT;5043;1;5037;28;;;5044;28;;;;;5043.5;86.4921875
0;60900;STARFRUIT;5043;1;5037;29;;;5044;29;;;;;5043.5;87.671875
0;60900;AMETHYSTS;9998;10;9995;29;;;10005;29;;;;;10001.5;502.0
0;61000;AMETHYSTS;9996;1;9995;25;;;9998;1;10004;1;10005;25;9997.0;502.0
0;61000;STARFRUIT;5037;26;;;;;5044;26;;;;;5040.5;86.4609375
0;61100;AMETHYSTS;9996;2;9995;29;;;10004;2;10005;29;;;10000.0;504.0
0;61100;STARFRUIT;5037;31;;;;;5044;31;;;;;5040.5;77.203125
0;61200;AMETHYSTS;9998;1;9995;22;;;10005;22;;;;;10001.5;504.0
0;61200;STARFRUIT;5038;5;5037;22;;;5039;3;5044;22;;;5038.5;86.6875
0;61300;STARFRUIT;5036;27;;;;;5043;27;;;;;5039.5;67.984375
0;61300;AMETHYSTS;9995;27;;;;;10005;27;;;;;10000.0;504.0
0;61400;AMETHYSTS;9995;28;;;;;10005;28;;;;;10000.0;504.0
0;61400;STARFRUIT;5037;28;;;;;5044;28;;;;;5040.5;77.328125
0;61500;AMETHYSTS;9998;4;9995;22;;;10005;22;;;;;10001.5;504.0
0;61500;STARFRUIT;5042;1;5037;22;;;5044;22;;;;;5043.0;74.5703125
0;61600;AMETHYSTS;9996;1;9995;27;;;10004;1;10005;27;;;10000.0;504.0
0;61600;STARFRUIT;5037;28;;;;;5044;28;;;;;5040.5;83.7109375
0;61700;STARFRUIT;5037;23;;;;;5044;23;;;;;5040.5;86.140625
0;61700;AMETHYSTS;9996;2;9995;21;;;10004;2;10005;21;;;10000.0;504.0
0;61800;AMETHYSTS;9996;2;9995;24;;;10004;2;10005;24;;;10000.0;504.0
0;61800;STARFRUIT;5037;26;;;;;5038;1;5044;26;;;5037.5;83.703125
0;61900;AMETHYSTS;9995;28;;;;;10002;8;10005;28;;;9998.5;504.0
0;61900;STARFRUIT;5037;28;;;;;5044;28;;;;;5040.5;89.890625
0;62000;AMETHYSTS;9995;24;;;;;10005;24;;;;;10000.0;504.0
0;62000;STARFRUIT;5037;24;;;;;5044;24;;;;;5040.5;82.7890625
0;62100;STARFRUIT;5037;27;;;;;5043;2;5044;25;;;5040.0;75.09375
0;62100;AMETHYSTS;9996;2;9995;25;;;10002;3;10004;2;10005;25;9999.0;504.0
0;62200;AMETHYSTS;9998;9;9996;2;9995;22;10004;2;10005;22;;;10001.0;504.0
0;62200;STARFRUIT;5037;24;;;;;5042;1;5044;24;;;5039.5;84.4609375
0;62300;AMETHYSTS;9995;21;;;;;10005;21;;;;;10000.0;504.0
0;62300;STARFRUIT;5037;21;;;;;5044;21;;;;;5040.5;87.7109375
0;62400;AMETHYSTS;9995;24;;;;;10005;24;;;;;10000.0;504.0
0;62400;STARFRUIT;5037;24;;;;;5044;24;;;;;5040.5;88.25
0;62500;STARFRUIT;5038;2;5037;25;;;5044;27;;;;;5041.0;88.6796875
0;62500;AMETHYSTS;9996;2;9995;25;;;10004;2;10005;25;;;10000.0;504.0
0;62600;AMETHYSTS;9998;6;9996;1;9995;21;10004;1;10005;21;;;10001.0;504.0
0;62600;STARFRUIT;5038;1;5037;21;;;5044;22;;;;;5041.0;89.25
0;62700;AMETHYSTS;9998;3;9995;25;;;10005;25;;;;;10001.5;504.0
0;62700;STARFRUIT;5037;25;;;;;5044;25;;;;;5040.5;78.578125
0;62800;AMETHYSTS;9995;22;;;;;10005;22;;;;;10000.0;504.0
0;62800;STARFRUIT;5037;22;;;;;5044;22;;;;;5040.5;83.2421875
0;62900;STARFRUIT;5037;22;;;;;5043;2;5044;20;;;5040.0;74.96875
0;62900;AMETHYSTS;10002;11;9998;3;9996;2;10004;2;10005;20;;;10003.0;504.0
0;63000;AMETHYSTS;9995;30;;;;;10005;30;;;;;10000.0;526.0
0;63000;STARFRUIT;5037;30;;;;;5044;30;;;;;5040.5;85.5234375
0;63100;AMETHYSTS;9995;30;;;;;9998;1;10005;30;;;9996.5;526.0
0;63100;STARFRUIT;5037;30;;;;;5044;30;;;;;5040.5;88.515625
0;63200;AMETHYSTS;9996;1;9995;24;;;10004;1;10005;24;;;10000.0;528.0
0;63200;STARFRUIT;5038;25;;;;;5044;1;5045;24;;;5041.0;94.203125
0;63300;STARFRUIT;5043;1;5038;30;;;5045;30;;;;;5044.0;97.8984375
0;63300;AMETHYSTS;10002;4;9995;30;;;10005;30;;;;;10003.5;528.0
0;63400;AMETHYSTS;9996;2;9995;22;;;10004;2;10005;22;;;10000.0;528.0
0;63400;STARFRUIT;5038;24;;;;;5044;2;5045;22;;;5041.0;92.7734375
0;63500;AMETHYSTS;9995;28;;;;;10005;28;;;;;10000.0;528.0
0;63500;STARFRUIT;5038;3;5037;28;;;5044;28;;;;;5041.0;86.109375
0;63600;AMETHYSTS;9995;22;;;;;10005;22;;;;;10000.0;528.0
0;63600;STARFRUIT;5042;1;5037;22;;;5044;22;;;;;5043.0;80.6015625
0;63700;STARFRUIT;5037;21;;;;;5040;5;5042;7;5044;21;5038.5;77.1640625
0;63700;AMETHYSTS;9995;21;;;;;10000;5;10002;7;10005;21;9997.5;528.0
0;63800;AMETHYSTS;9996;1;9995;27;;;9998;1;10004;1;10005;27;9997.0;528.0
0;63800;STARFRUIT;5036;1;5035;27;;;5042;28;;;;;5039.0;51.28125
0;63900;AMETHYSTS;9995;22;;;;;10000;2;10005;22;;;9997.5;530.0
0;63900;STARFRUIT;5035;22;;;;;5039;2;5043;22;;;5037.0;52.453125
0;64000;AMETHYSTS;9995;30;;;;;9998;11;10002;10;10005;30;9996.5;530.0
0;64000;STARFRUIT;5036;2;5035;30;;;5042;30;;;;;5039.0;44.8828125
0;64100;STARFRUIT;5036;28;;;;;5041;4;5042;2;5043;26;5038.5;54.484375
0;64100;AMETHYSTS;9996;2;9995;26;;;10002;4;10004;2;10005;26;9999.0;552.0
0;64200;AMETHYSTS;9996;2;9995;25;;;10004;2;10005;25;;;10000.0;552.0
0;64200;STARFRUIT;5036;27;;;;;5043;27;;;;;5039.5;59.078125
0;64300;AMETHYSTS;9998;4;9996;2;9995;20;10004;2;10005;20;;;10001.0;552.0
0;64300;STARFRUIT;5036;2;5035;22;;;5042;22;;;;;5039.0;46.9921875
0;64400;AMETHYSTS;9996;2;9995;27;;;10004;2;10005;27;;;10000.0;552.0
0;64400;STARFRUIT;5036;4;5035;29;;;5042;29;;;;;5039.0;44.6171875
0;64500;STARFRUIT;5036;7;5035;22;;;5042;22;;;;;5039.0;43.5546875
0;64500;AMETHYSTS;9996;2;9995;20;;;10004;2;10005;20;;;10000.0;552.0
0;64600;AMETHYSTS;9996;2;9995;27;;;10004;2;10005;27;;;10000.0;552.0
0;64600;STARFRUIT;5036;2;5035;27;;;5042;29;;;;;5039.0;51.1875
0;64700;AMETHYSTS;10002;1;9996;1;9995;28;10004;1;10005;28;;;10003.0;552.0
0;64700;STARFRUIT;5036;1;5035;28;;;5042;1;5043;28;;;5039.0;52.0078125
0;64800;AMETHYSTS;9996;1;9995;20;;;10004;1;10005;20;;;10000.0;554.0
0;64800;STARFRUIT;5036;20;;;;;5042;1;5043;20;;;5039.0;55.7421875
0;64900;STARFRUIT;5036;2;5035;30;;;5042;32;;;;;5039.0;49.21875
0;64900;AMETHYSTS;9996;2;9995;30;;;9998;4;10002;10;10004;2;9997.0;554.0
0;65000;AMETHYSTS;9996;1;9995;26;;;10002;5;10004;1;10005;26;9999.0;562.0
0;65000;STARFRUIT;5041;1;5036;27;;;5042;1;5043;26;;;5041.5;53.3359375
0;65100;AMETHYSTS;9998;10;9996;1;9995;25;10004;1;10005;25;;;10001.0;562.0
0;65100;STARFRUIT;5036;1;5035;25;;;5042;26;;;;;5039.0;49.9609375
0;65200;AMETHYSTS;9996;1;9995;28;;;10002;6;10004;1;10005;28;9999.0;562.0
0;65200;STARFRUIT;5037;2;5036;29;;;5042;1;5043;28;;;5039.5;56.4453125
0;65300;STARFRUIT;5036;29;;;;;5041;1;5043;29;;;5038.5;55.4375
0;65300;AMETHYSTS;9995;29;;;;;10002;9;10005;29;;;9998.5;562.0
0;65400;STARFRUIT;5035;21;;;;;5037;2;5042;21;;;5036.0;46.203125
0;65400;AMETHYSTS;9998;10;9995;21;;;10005;21;;;;;10001.5;562.0
0;65500;AMETHYSTS;9995;20;;;;;10005;20;;;;;10000.0;562.0
0;65500;STARFRUIT;5035;20;;;;;5042;20;;;;;5038.5;43.484375
0;65600;STARFRUIT;5036;6;5035;20;;;5042;20;;;;;5039.0;44.6640625
0;65600;AMETHYSTS;9998;3;9995;20;;;10005;20;;;;;10001.5;562.0
0;65700;STARFRUIT;5035;24;;;;;5036;1;5043;24;;;5035.5;52.328125
0;65700;AMETHYSTS;9995;24;;;;;10005;24;;;;;10000.0;562.0
0;65800;STARFRUIT;5037;1;5036;30;;;5043;30;;;;;5040.0;59.0234375
0;65800;AMETHYSTS;10002;4;9995;30;;;10005;30;;;;;10003.5;562.0
0;65900;AMETHYSTS;9996;2;9995;24;;;10004;2;10005;24;;;10000.0;570.0
0;65900;STARFRUIT;5037;2;5036;24;;;5043;26;;;;;5040.0;71.5234375
0;66000;STARFRUIT;5037;7;5036;24;;;5043;25;;;;;5040.0;70.828125
0;66000;AMETHYSTS;9996;1;9995;24;;;10004;1;10005;24;;;10000.0;570.0
0;66100;STARFRUIT;5042;1;5037;25;;;5043;2;5044;23;;;5042.5;75.5546875
0;66100;AMETHYSTS;9996;2;9995;23;;;10004;2;10005;23;;;10000.0;570.0
0;66200;STARFRUIT;5041;5;5037;23;;;5043;1;5044;22;;;5042.0;75.390625
0;66200;AMETHYSTS;10002;1;9996;1;9995;22;10004;1;10005;22;;;10003.0;570.0
0;66300;AMETHYSTS;10000;3;9995;20;;;10002;5;10005;20;;;10001.0;572.0
0;66300;STARFRUIT;5040;3;5037;20;;;5044;20;;;;;5042.0;78.296875
0;66400;STARFRUIT;5037;2;5036;24;;;5043;26;;;;;5040.0;71.296875
0;66400;AMETHYSTS;9996;2;9995;24;;;10004;2;10005;24;;;10000.0;572.0
0;66500;STARFRUIT;5042;1;5037;31;;;5043;1;5044;30;;;5042.5;73.546875
0;66500;AMETHYSTS;9996;1;9995;30;;;10004;1;10005;30;;;10000.0;572.0
0;66600;STARFRUIT;5037;31;;;;;5044;31;;;;;5040.5;77.1640625
0;66600;AMETHYSTS;10002;3;9998;1;9996;2;10004;2;10005;29;;;10003.0;572.0
0;66700;AMETHYSTS;9996;1;9995;25;;;10004;1;10005;25;;;10000.0;578.0
0;66700;STARFRUIT;5038;5;5037;26;;;5044;26;;;;;5041.0;80.59375
0;66800;STARFRUIT;5038;1;5037;25;;;5044;26;;;;;5041.0;88.4140625
0;66800;AMETHYSTS;9996;1;9995;25;;;10004;1;10005;25;;;10000.0;578.0
0;66900;STARFRUIT;5037;3;5036;20;;;5043;20;;;;;5040.0;68.9453125
0;66900;AMETHYSTS;9995;20;;;;;10005;20;;;;;10000.0;578.0
0;67000;STARFRUIT;5036;24;;;;;5042;2;5043;22;;;5039.0;54.8046875
0;67000;AMETHYSTS;9998;1;9996;2;9995;22;10004;2;10005;22;;;10001.0;578.0
0;67100;AMETHYSTS;9996;1;9995;25;;;10004;1;10005;25;;;10000.0;578.0
0;67100;STARFRUIT;5036;26;;;;;5043;26;;;;;5039.5;62.75
0;67200;STARFRUIT;5036;23;;;;;5041;6;5043;23;;;5038.5;62.265625
0;67200;AMETHYSTS;9995;23;;;;;10005;23;;;;;10000.0;578.0
0;67300;STARFRUIT;5038;1;5037;22;;;5043;1;5044;21;;;5040.5;76.328125
0;67300;AMETHYSTS;9996;1;9995;21;;;10004;1;10005;21;;;10000.0;578.0
0;67400;STARFRUIT;5038;8;5037;29;;;5044;29;;;;;5041.0;76.734375
0;67400;AMETHYSTS;9996;1;9995;28;;;10004;1;10005;28;;;10000.0;578.0
0;67500;AMETHYSTS;9995;22;;;;;10005;22;;;;;10000.0;578.0
0;67500;STARFRUIT;5037;22;;;;;5044;22;;;;;5040.5;88.4375
0;67600;STARFRUIT;5038;1;5037;25;;;5044;26;;;;;5041.0;89.265625
0;67600;AMETHYSTS;9996;1;9995;25;;;10004;1;10005;25;;;10000.0;578.0
0;67700;AMETHYSTS;9996;2;9995;21;;;10000;3;10004;2;10005;21;9998.0;578.0
0;67700;STARFRUIT;5037;23;;;;;5040;3;5044;23;;;5038.5;81.234375
0;67800;AMETHYSTS;9996;2;9995;30;;;10004;2;10005;30;;;10000.0;578.0
0;67800;STARFRUIT;5038;6;5037;32;;;5044;32;;;;;5041.0;80.8671875
0;67900;AMETHYSTS;9995;26;;;;;10005;26;;;;;10000.0;578.0
0;67900;STARFRUIT;5036;26;;;;;5043;26;;;;;5039.5;68.5
0;68000;STARFRUIT;5042;1;5036;25;;;5043;25;;;;;5042.5;66.3828125
0;68000;AMETHYSTS;9995;25;;;;;10002;5;10005;25;;;9998.5;578.0
0;68100;AMETHYSTS;9996;1;9995;26;;;10002;8;10004;1;10005;26;9999.0;578.0
0;68100;STARFRUIT;5037;7;5036;27;;;5042;1;5043;26;;;5039.5;55.828125
0;68200;AMETHYSTS;9996;1;9995;23;;;9998;1;10004;1;10005;23;9997.0;578.0
0;68200;STARFRUIT;5036;1;5035;23;;;5042;24;;;;;5039.0;48.484375
0;68300;AMETHYSTS;9996;1;9995;25;;;10002;4;10004;1;10005;25;9999.0;580.0
0;68300;STARFRUIT;5035;1;5034;25;;;5041;26;;;;;5038.0;28.796875
0;68400;STARFRUIT;5034;31;;;;;5041;31;;;;;5037.5;25.125
0;68400;AMETHYSTS;10002;1;9996;1;9995;30;10004;1;10005;30;;;10003.0;580.0
0;68500;AMETHYSTS;9996;1;9995;22;;;10004;1;10005;22;;;10000.0;582.0
0;68500;STARFRUIT;5035;1;5034;22;;;5039;5;5041;23;;;5037.0;31.484375
0;68600;AMETHYSTS;9995;27;;;;;9998;1;10005;27;;;9996.5;582.0
0;68600;STARFRUIT;5034;27;;;;;5042;27;;;;;5038.0;31.9375
0;68700;AMETHYSTS;9998;10;9996;2;9995;20;10004;2;10005;20;;;10001.0;584.0
0;68700;STARFRUIT;5035;22;;;;;5041;2;5042;20;;;5038.0;33.546875
0;68800;STARFRUIT;5035;1;5034;30;;;5037;6;5041;1;5042;30;5036.0;31.8125
0;68800;AMETHYSTS;9996;1;9995;30;;;10000;6;10002;1;10004;1;9998.0;584.0
0;68900;AMETHYSTS;9998;3;9996;2;9995;23;10004;2;10005;23;;;10001.0;584.0
0;68900;STARFRUIT;5035;25;;;;;5041;2;5042;23;;;5038.0;34.8984375
0;69000;AMETHYSTS;9996;1;9995;27;;;10004;1;10005;27;;;10000.0;584.0
0;69000;STARFRUIT;5035;28;;;;;5041;1;5042;27;;;5038.0;33.3359375
0;69100;AMETHYSTS;9996;1;9995;25;;;10004;1;10005;25;;;10000.0;584.0
0;69100;STARFRUIT;5036;1;5035;26;;;5041;1;5042;25;;;5038.5;32.875
0;69200;STARFRUIT;5035;21;;;;;5042;21;;;;;5038.5;37.0625
0;69200;AMETHYSTS;9996;1;9995;20;;;10002;8;10004;1;10005;20;9999.0;584.0
0;69300;AMETHYSTS;9996;1;9995;23;;;10004;1;10005;23;;;10000.0;584.0
0;69300;STARFRUIT;5035;1;5034;23;;;5041;24;;;;;5038.0;28.46875
0;69400;AMETHYSTS;9995;22;;;;;10005;22;;;;;10000.0;584.0
0;69400;STARFRUIT;5035;4;5034;22;;;5041;22;;;;;5038.0;15.171875
0;69500;AMETHYSTS;9996;1;9995;30;;;10002;8;10004;1;10005;30;9999.0;584.0
0;69500;STARFRUIT;5034;2;5033;31;;;5039;1;5040;30;;;5036.5;-4.21875
0;69600;STARFRUIT;5033;27;;;;;5040;27;;;;;5036.5;2.34375
0;69600;AMETHYSTS;9996;2;9995;25;;;10004;2;10005;25;;;10000.0;584.0
0;69700;AMETHYSTS;10002;1;9996;2;9995;24;10004;2;10005;24;;;10003.0;584.0
0;69700;STARFRUIT;5033;26;;;;;5040;26;;;;;5036.5;1.2265625
0;69800;AMETHYSTS;9996;1;9995;22;;;10004;1;10005;22;;;10000.0;586.0
0;69800;STARFRUIT;5034;22;;;;;5040;1;5041;22;;;5037.0;13.7578125
0;69900;STARFRUIT;5034;26;;;;;5040;2;5041;24;;;5037.0;13.28125
0;69900;AMETHYSTS;10002;1;9998;10;9996;2;10004;2;10005;24;;;10003.0;586.0
0;70000;AMETHYSTS;9996;2;9995;28;;;10004;2;10005;28;;;10000.0;588.0
0;70000;STARFRUIT;5034;2;5033;28;;;5040;2;5041;28;;;5037.0;12.1875
0;70100;AMETHYSTS;10002;1;9995;27;;;10005;27;;;;;10003.5;588.0
0;70100;STARFRUIT;5033;27;;;;;5034;1;5040;27;;;5033.5;5.2421875
0;70200;AMETHYSTS;9996;2;9995;28;;;10004;2;10005;28;;;10000.0;590.0
0;70200;STARFRUIT;5033;30;;;;;5040;30;;;;;5036.5;7.0390625
0;70300;STARFRUIT;5034;5;5033;24;;;5040;25;;;;;5037.0;8.1015625
0;70300;AMETHYSTS;9998;10;9996;1;9995;24;10004;1;10005;24;;;10001.0;590.0
0;70400;AMETHYSTS;10002;13;9996;2;9995;29;10004;2;10005;29;;;10003.0;590.0
0;70400;STARFRUIT;5034;31;;;;;5041;31;;;;;5037.5;18.3359375
0;70500;AMETHYSTS;10002;1;9995;21;;;10005;21;;;;;10003.5;590.0
0;70500;STARFRUIT;5034;21;;;;;5035;3;5041;21;;;5034.5;17.5
0;70600;AMETHYSTS;10002;1;10000;3;9996;1;10004;1;10005;22;;;10003.0;592.0
0;70600;STARFRUIT;5036;2;5034;1;5033;22;5040;1;5041;22;;;5038.0;11.703125
0;70700;STARFRUIT;5033;27;;;;;5040;27;;;;;5036.5;3.828125
0;70700;AMETHYSTS;9995;27;;;;;10005;27;;;;;10000.0;594.0
0;70800;AMETHYSTS;9996;2;9995;20;;;9998;5;10002;8;10004;2;9997.0;594.0
0;70800;STARFRUIT;5033;22;;;;;5040;22;;;;;5036.5;-1.6875
0;70900;AMETHYSTS;9995;21;;;;;10005;21;;;;;10000.0;604.0
0;70900;STARFRUIT;5033;21;;;;;5034;1;5040;21;;;5033.5;3.375
0;71000;AMETHYSTS;9996;2;9995;28;;;9998;3;10004;2;10005;28;9997.0;604.0
0;71000;STARFRUIT;5034;2;5033;28;;;5038;1;5040;30;;;5036.0;9.03125
0;71100;STARFRUIT;5035;6;5034;30;;;5041;30;;;;;5038.0;18.5234375
0;71100;AMETHYSTS;9998;4;9995;30;;;10005;30;;;;;10001.5;610.0
0;71200;AMETHYSTS;9996;1;9995;27;;;9998;1;10004;1;10005;27;9997.0;610.0
0;71200;STARFRUIT;5035;1;5034;27;;;5041;28;;;;;5038.0;28.8671875
0;71300;AMETHYSTS;9996;2;9995;28;;;10004;2;10005;28;;;10000.0;612.0
0;71300;STARFRUIT;5035;2;5034;28;;;5040;8;5041;2;5042;28;5037.5;31.875
0;71400;AMETHYSTS;10002;2;9996;2;9995;25;10004;2;10005;25;;;10003.0;612.0
0;71400;STARFRUIT;5036;2;5035;25;;;5040;6;5042;27;;;5038.0;48.5234375
0;71500;STARFRUIT;5035;26;;;;;5040;5;5042;26;;;5037.5;46.71875
0;71500;AMETHYSTS;9995;26;;;;;10005;26;;;;;10000.0;616.0
0;71600;AMETHYSTS;9998;7;9996;2;9995;29;10004;2;10005;29;;;10001.0;616.0
0;71600;STARFRUIT;5035;31;;;;;5042;31;;;;;5038.5;47.2421875
0;71700;AMETHYSTS;9996;1;9995;25;;;9998;1;10004;1;10005;25;9997.0;616.0
0;71700;STARFRUIT;5035;26;;;;;5042;26;;;;;5038.5;45.921875
0;71800;AMETHYSTS;9995;22;;;;;9998;1;10005;22;;;9996.5;618.0
0;71800;STARFRUIT;5035;22;;;;;5042;22;;;;;5038.5;49.0703125
0;71900;STARFRUIT;5036;30;;;;;5043;30;;;;;5039.5;60.5859375
0;71900;AMETHYSTS;9996;2;9995;28;;;10004;2;10005;28;;;10000.0;620.0
0;72000;AMETHYSTS;9998;2;9996;1;9995;23;10004;1;10005;23;;;10001.0;620.0
0;72000;STARFRUIT;5036;24;;;;;5043;24;;;;;5039.5;60.46875
0;72100;AMETHYSTS;9996;2;9995;24;;;9998;1;10004;2;10005;24;9997.0;620.0
0;72100;STARFRUIT;5035;26;;;;;5042;26;;;;;5038.5;46.8125
0;72200;AMETHYSTS;9995;25;;;;;9998;1;10005;25;;;9996.5;622.0
0;72200;STARFRUIT;5035;25;;;;;5042;25;;;;;5038.5;43.609375
0;72300;STARFRUIT;5036;1;5035;22;;;5040;3;5042;23;;;5038.0;48.203125
0;72300;AMETHYSTS;9996;1;9995;22;;;10004;1;10005;22;;;10000.0;624.0
0;72400;AMETHYSTS;9995;25;;;;;10005;25;;;;;10000.0;624.0
0;72400;STARFRUIT;5036;25;;;;;5043;25;;;;;5039.5;62.1953125
0;72500;AMETHYSTS;10000;4;9996;2;9995;20;10004;2;10005;20;;;10002.0;624.0
0;72500;STARFRUIT;5039;4;5037;2;5036;20;5043;22;;;;;5041.0;69.8046875
0;72600;AMETHYSTS;9998;8;9995;28;;;10005;28;;;;;10001.5;624.0
0;72600;STARFRUIT;5036;28;;;;;5043;28;;;;;5039.5;68.828125
0;72700;STARFRUIT;5036;28;;;;;5043;28;;;;;5039.5;56.59375
0;72700;AMETHYSTS;9995;28;;;;;10005;28;;;;;10000.0;624.0
0;72800;AMETHYSTS;9996;2;9995;27;;;10004;2;10005;27;;;10000.0;624.0
0;72800;STARFRUIT;5036;29;;;;;5037;8;5043;29;;;5036.5;61.4453125
0;72900;AMETHYSTS;9996;1;9995;22;;;10002;4;10004;1;10005;22;9999.0;624.0
0;72900;STARFRUIT;5037;2;5036;23;;;5043;23;;;;;5040.0;58.921875
0;73000;AMETHYSTS;9995;21;;;;;10005;21;;;;;10000.0;624.0
0;73000;STARFRUIT;5036;21;;;;;5041;8;5043;21;;;5038.5;69.765625
0;73100;STARFRUIT;5037;28;;;;;5042;3;5043;1;5044;27;5039.5;74.8828125
0;73100;AMETHYSTS;9996;1;9995;27;;;10002;7;10004;1;10005;27;9999.0;624.0
0;73200;AMETHYSTS;9996;1;9995;23;;;10002;7;10004;1;10005;23;9999.0;624.0
0;73200;STARFRUIT;5037;24;;;;;5044;24;;;;;5040.5;81.5234375
0;73300;AMETHYSTS;9996;2;9995;23;;;10004;2;10005;23;;;10000.0;624.0
0;73300;STARFRUIT;5037;25;;;;;5044;25;;;;;5040.5;87.34375
0;73400;AMETHYSTS;9995;30;;;;;10002;6;10005;30;;;9998.5;624.0
0;73400;STARFRUIT;5038;30;;;;;5045;30;;;;;5041.5;93.453125
0;73500;STARFRUIT;5038;25;;;;;5044;1;5045;24;;;5041.0;95.828125
0;73500;AMETHYSTS;9998;6;9996;1;9995;24;10004;1;10005;24;;;10001.0;624.0
0;73600;AMETHYSTS;9995;30;;;;;9998;1;10005;30;;;9996.5;624.0
0;73600;STARFRUIT;5038;30;;;;;5045;30;;;;;5041.5;97.7421875
0;73700;AMETHYSTS;10002;4;9995;25;;;10005;25;;;;;10003.5;626.0
0;73700;STARFRUIT;5038;25;;;;;5045;25;;;;;5041.5;98.1015625
0;73800;AMETHYSTS;9998;1;9996;1;9995;21;10004;1;10005;21;;;10001.0;634.0
0;73800;STARFRUIT;5038;22;;;;;5045;22;;;;;5041.5;101.9609375
0;73900;STARFRUIT;5038;27;;;;;5046;27;;;;;5042.0;112.0703125
0;73900;AMETHYSTS;9995;27;;;;;10005;27;;;;;10000.0;634.0
0;74000;AMETHYSTS;10000;5;9996;2;9995;27;10004;2;10005;27;;;10002.0;634.0
0;74000;STARFRUIT;5041;6;5039;7;5038;29;5045;29;;;;;5043.0;105.171875
0;74100;AMETHYSTS;9998;5;9996;1;9995;23;10004;1;10005;23;;;10001.0;634.0
0;74100;STARFRUIT;5042;3;5038;24;;;5045;24;;;;;5043.5;101.640625
0;74200;STARFRUIT;5038;31;;;;;5043;7;5045;31;;;5040.5;99.53125
0;74200;AMETHYSTS;9996;1;9995;30;;;10002;1;10004;1;10005;30;9999.0;634.0
0;74300;STARFRUIT;5039;1;5038;26;;;5043;3;5045;27;;;5041.0;109.8203125
0;74300;AMETHYSTS;9998;6;9996;1;9995;26;10004;1;10005;26;;;10001.0;634.0
0;74400;STARFRUIT;5039;23;;;;;5046;23;;;;;5042.5;121.6875
0;74400;AMETHYSTS;9996;2;9995;21;;;10004;2;10005;21;;;10000.0;634.0
0;74500;AMETHYSTS;9996;2;9995;24;;;10004;2;10005;24;;;10000.0;634.0
0;74500;STARFRUIT;5044;1;5043;3;5039;26;5046;26;;;;;5045.0;118.625
0;74600;STARFRUIT;5040;1;5039;29;;;5046;29;;;;;5043.0;116.71875
0;74600;AMETHYSTS;9996;2;9995;27;;;9998;2;10004;2;10005;27;9997.0;634.0
0;74700;STARFRUIT;5039;27;;;;;5046;27;;;;;5042.5;118.328125
0;74700;AMETHYSTS;9996;1;9995;26;;;10004;1;10005;26;;;10000.0;638.0
0;74800;STARFRUIT;5039;3;5038;24;;;5045;26;;;;;5042.0;111.375
0;74800;AMETHYSTS;9996;2;9995;24;;;10004;2;10005;24;;;10000.0;638.0
0;74900;AMETHYSTS;9996;1;9995;27;;;10004;1;10005;27;;;10000.0;638.0
0;74900;STARFRUIT;5039;1;5038;27;;;5045;1;5046;27;;;5042.0;111.5390625
0;75000;STARFRUIT;5039;1;5038;21;;;5045;22;;;;;5042.0;110.1171875
0;75000;AMETHYSTS;9996;1;9995;21;;;9998;4;10004;1;10005;21;9997.0;638.0
0;75100;STARFRUIT;5039;2;5038;26;;;5045;2;5046;26;;;5042.0;111.796875
0;75100;AMETHYSTS;9996;2;9995;26;;;10002;8;10004;2;10005;26;9999.0;646.0
0;75200;STARFRUIT;5040;7;5039;31;;;5046;31;;;;;5043.0;118.1796875
0;75200;AMETHYSTS;9996;1;9995;30;;;10004;1;10005;30;;;10000.0;646.0
0;75300;AMETHYSTS;9998;7;9996;1;9995;26;10004;1;10005;26;;;10001.0;646.0
0;75300;STARFRUIT;5040;27;;;;;5046;1;5047;26;;;5043.0;133.40625
0;75400;STARFRUIT;5039;25;;;;;5046;25;;;;;5042.5;118.9921875
0;75400;AMETHYSTS;9995;25;;;;;10005;25;;;;;10000.0;646.0
0;75500;STARFRUIT;5039;23;;;;;5046;23;;;;;5042.5;121.890625
0;75500;AMETHYSTS;9996;1;9995;22;;;10004;1;10005;22;;;10000.0;646.0
0;75600;STARFRUIT;5039;2;5038;23;;;5045;2;5046;23;;;5042.0;112.234375
0;75600;AMETHYSTS;9996;2;9995;23;;;9998;9;10004;2;10005;23;9997.0;646.0
0;75700;AMETHYSTS;9996;2;9995;25;;;10004;2;10005;25;;;10000.0;664.0
0;75700;STARFRUIT;5044;1;5039;27;;;5046;27;;;;;5045.0;118.015625
0;75800;STARFRUIT;5045;1;5040;1;5039;28;5046;28;;;;;5045.5;123.625
0;75800;AMETHYSTS;9996;2;9995;26;;;10002;3;10004;2;10005;26;9999.0;664.0
0;75900;STARFRUIT;5039;24;;;;;5044;3;5045;2;5046;22;5041.5;116.53125
0;75900;AMETHYSTS;9996;2;9995;22;;;10004;2;10005;22;;;10000.0;664.0
0;76000;STARFRUIT;5039;3;5038;31;;;5045;31;;;;;5042.0;97.8203125
0;76000;AMETHYSTS;9998;8;9996;1;9995;30;10004;1;10005;30;;;10001.0;664.0
0;76100;AMETHYSTS;10002;1;9995;28;;;10005;28;;;;;10003.5;664.0
0;76100;STARFRUIT;5038;28;;;;;5045;28;;;;;5041.5;98.9140625
0;76200;STARFRUIT;5037;28;;;;;5044;28;;;;;5040.5;83.5546875
0;76200;AMETHYSTS;9998;9;9995;28;;;10005;28;;;;;10001.5;666.0
0;76300;STARFRUIT;5037;22;;;;;5044;22;;;;;5040.5;80.7890625
0;76300;AMETHYSTS;9998;7;9996;1;9995;21;10004;1;10005;21;;;10001.0;666.0
0;76400;STARFRUIT;5038;8;5037;28;;;5044;28;;;;;5041.0;81.8828125
0;76400;AMETHYSTS;9995;28;;;;;10005;28;;;;;10000.0;666.0
0;76500;AMETHYSTS;10000;2;9995;28;;;10005;28;;;;;10002.5;666.0
